%$Id: bibliography.bib,v 1.23 2005/11/28 16:27:48 maniatis Exp $

@String{mobicom97 = {Proceedings of the Third Annual {ACM/IEEE} International
                  Conference on {M}obile Computing and Networking}}
@String{mobicom97addr = {Budapest, Hungary}}

% SOSP Declarations
@String{sosp1995 = {Proceedings of the Fifteenth {ACM} Symposium on
                  Operating Systems Principles}}
@String{sigops = {ACM SIGOPS}}
@String{sosp1995addr = {Copper Mountain Resort, {CO}, {USA}}}

@String{sosp97 = {Proceedings of the Sixteenth {ACM} Symposium on
                  Operating Systems Principles}}
@String{sosp97addr = {Saint Malo, France}}

@String{sosp99 = {Proceedings of the Seventeenth {ACM} Symposium on
                  Operating Systems Principles}}
@String{sosp99addr = {Kiawah Island, SC, USA}}

@String{sosp2001 = {Proceedings of the Eighteenth {ACM} Symposium on
                  Operating Systems Principles (SOSP)}}
@String{sosp2001short = {18th {ACM} Symp.\ on Operating Systems Principles}},
@String{sosp2001addr = {Chateau Lake Louise, Banff, {AB}, Canada}}

@String{sosp2003 = {Proceedings of the Nineteenth {ACM} Symposium on
                  Operating Systems Principles}}
@String{sosp2003addr = {Bolton Landing, {NY}, {USA}}}

@String{iptps2002 = {Proceedings of the First International
  Peer To Peer Systems Workshop (IPTPS)}}
@String{iptps2002addr = {Cambridge, MA, USA}}
@String{sigcomm2002 = {Proceedings of the Conference on Applications,
                  Technologies, Architectures, and Protocols for
                  Computer Communications (SIGCOMM)}}
@String{sigcomm2004 = {Proceedings of the Conference on Applications,
                  Technologies, Architectures, and Protocols for
                  Computer Communications (SIGCOMM)}}
@String{ccs1993 = {Proceedings of the 1st ACM Conference on Computer and
                  Communications Security}}
@String{ccs1993addr = {Fairfax, VA, USA}}


@inproceedings{Gummadi2002,
  author =	 {Krishna P. Gummadi and Stefan Saroiu and Steven
                  D. Gribble},
  title =	 {King: estimating latency between arbitrary internet
                  end hosts},
  booktitle =	 {Proceedings of the 2nd ACM SIGCOMM Workshop on
                  Internet measurment (IMW)},
  month =	 nov,
  year =	 {2002},
  pages =	 {5--18},
  address =	 {Marseille, France},
}

@InProceedings{Boon,
  author =	 {Boon Thau Loo and Ryan Huebsch and Ion Stoica and Joseph M. Hellerstein},
  title =	 {{The Case for a Hybrid P2P Search Infrastructure}},
  booktitle =	 {3rd International Workshop on Peer-to-Peer Systems (IPTPS)},
  year =	 {2004},
  month =	 feb,
  address =	 {{San Diego}, {CA}, {USA}},
}




@InProceedings{Castro2002,
  author =	 {Miguel Castro and Peter Druschel and Ayalvadi Ganesh
                  and Antony Rowstron and Dan S. Wallach},
  title =	 {{Secure Routing for Structured Peer-to-Peer Overlay
                  Networks}},
  booktitle =	 {Proceedings of the 5th Usenix Symposium on Operating
                  Systems Design and Implementation (OSDI)},
  year =	 {2002},
  month =	 dec,
  pages =	 {299--314},
  address =	 {{Boston}, {MA}, {USA}},
}

@InProceedings{Castro2002short,
  author =	 {M. Castro and P. Druschel and A. Ganesh
                  and A. Rowstron and D. S. Wallach},
  title =	 {{Secure Routing for Structured Peer-to-Peer Overlay
                  Networks}},
  booktitle =	 {{OSDI}},
  year =	 {2002},
}

@inproceedings{Rowstron2001b,
  author =	 {Antony Rowstron and Peter Druschel},
  title =	 {{Storage management and caching in PAST, a
                  large-scale, persistent peer-to-peer storage utility}},
  booktitle =	 sosp2001,
  year =	 {2001},
  pages =	 {188--201},
  address =	 sosp2001addr,
  month =	 oct
}



@Inproceedings{Rowstron2001,
  title =	 "Pastry: {Scalable,} distributed object location and
                  routing for large-scale peer-to-peer systems",
  author =	 "Antony Rowstron and Peter Druschel",
  booktitle =	 "IFIP/ACM International Conference on Distributed
                  Systems Platforms (Middleware)",
  year =	 2001,
  month =	 nov,
  pages =	 "329--350",
  address =	 "Heidelberg, Germany"
}


@InProceedings{Rowstron2001short,
  author = 	 {A. Rowstron and P. Druschel},
  title = 	 {{Pastry: Scalable, distributed object location and routing for large-scale peer-to-peer systems}},
  booktitle = 	 {IFIP/ACM Middleware},
  OPTpages = 	 {},
  year =	 {2001},
}



@InProceedings{Rhea2004,
  author =	 {Rhea, Sean and Geels, Dennis and Roscoe, Timothy and
                  Kubiatowicz, John},
  title =	 {{Handling Churn in a DHT}},
  booktitle =	 {Proceedings of the Usenix Annual Technical Conference},
  year =	 {2004},
  month =	 jun,
  pages =	 {127--140},
  address =	 {{Boston}, {MA}, {USA}},
}



@InProceedings{Rhea2004short,
  author =       {Rhea, S. and Geels, D. and Roscoe, T. and
                  Kubiatowicz, J.},
  title =        {Handling Churn in a {DHT}},
  booktitle =	 {USENIX},
  year =	 {2004},
}



@InProceedings{Singh2004,
  author = 	 {Atul Singh and Miguel Castro and Peter Druschel and Antony Rowstron},
  title = 	 {{Defending against Eclipse attacks on overlay networks}},
  booktitle =	 {{Proceedings of the 11th ACM SIGOPS European Workshop}},
  pages =	 {115--120},
  year =	 {2004},
  OPTeditor = 	 {},
  OPTvolume = 	 {},
  OPTnumber = 	 {},
  OPTseries = 	 {},
  address =	 {Leuven, Belgium},
  month =	 sep,
  OPTpublisher = {},
  OPTnote = 	 {},
  OPTannote = 	 {}
}

@InProceedings{Singh2004short,
  author =	 {A. Singh and M. Castro and P. Druschel and
                  A. Rowstron},
  title =	 {{Defending against Eclipse attacks on overlay
                  networks}},
  booktitle =	 {{SIGOPS European Workshop}},
  year =	 {2004},
}


@InProceedings{Huebsch2003,
  author =	 {Huebsch, Ryan and Hellerstein, Joseph M. and Lanham,
                  Nick and Boon Thau Loo and Scott Shenker and Ion
                  Stoica},
  title =	 {{Querying the Internet with PIER}},
  booktitle =	 {Proceedings of the 29th VLDB Conference},
  OPTpages =	 {},
  year =	 {2003},
  address =	 {Berlin, Germany},
  month =	 sep,
  OPTnote =	 {},
  OPTannote =	 {}
}

@InProceedings{Huebsch2003short,
  author =	 {Huebsch, R. and Hellerstein, J. M. and Lanham,
                  N. and B. T. Loo and S. Shenker and I.
                  Stoica},
  title =	 {{Querying the Internet with PIER}},
  booktitle =	 {VLDB},
  year =	 {2003},
}


@InProceedings{Cachin2000,
  author =	 {Christian Cachin and Klaus Kursawe and Victor
                  Shoup},
  title =	 {{Random Oracles in Constantinople: Practical
                  Asynchronous Byzantine Agreement using
                  Cryptography}},
  booktitle =	 {Proceedings of the 19th {ACM} Symposium on
                  Principles of Distributed Computing (PODC)},
  pages =	 {123--132},
  year =	 {2000},
  address =	 {Portland, OR, {USA}},
  month =	 jul,
}


@InProceedings{Cachin2000short,
  author =	 {C. Cachin and K. Kursawe and V.
                  Shoup},
  title =	 {{Random Oracles in Constantinople: Practical
                  Asynchronous Byzantine Agreement using
                  Cryptography}},
  booktitle =	 {PODC},
  year =	 {2000},
}


@InProceedings{Davis1996,
  author = 	 {Don Davis},
  title = 	 {{Compliance Defects in Public-Key Cryptography}},
  booktitle =	 {Proceedings of the 6th USENIX Security Symposium},
  pages =	 {171--178},
  year =	 {1996},
  month =        jul,
  address =	 {{San Jose}, {CA}, {USA}},
}

@InProceedings{Davis1996short,
  author = 	 {D. Davis},
  title = 	 {{Compliance Defects in Public-Key Cryptography}},
  booktitle =	 {USENIX Security},
  year =	 {1996},
}

@InProceedings{Maniatis2002b,
  author =	 {Petros Maniatis and Mary Baker},
  title =	 {{Secure History Preservation Through Timeline
                  Entanglement}},
  booktitle =	 {Proceedings of the 11th USENIX Security Symposium},
  pages =	 {297--312},
  year =	 {2002},
  address =	 {San Francisco, {CA}, {USA}},
  month =	 aug,
}

@InProceedings{Maniatis2002bshort,
  author =	 {P. Maniatis and M. Baker},
  title =	 {{Secure History Preservation Through Timeline
                  Entanglement}},
  booktitle =	 {USENIX Security},
  year =	 {2002},
}

@InProceedings{Wallach2002,
  author =	 {Dan Wallach},
  title =	 {{A Survey of Peer-to-Peer Security Issues}},
  booktitle =	 {International Symposium on Software Security},
  address =	 {Tokyo, Japan},
  month =	 nov,
  year =	 {2002},
}



@InProceedings{Wallach2002short,
  author =	 {D. Wallach},
  title =	 {{A Survey of Peer-to-Peer Security Issues}},
  booktitle =	 {Intl. Symp. on Software Security},
  year =	 {2002},
}

@InProceedings{Sit2002,
  author =	 {Emil Sit and Robert Morris},
  title =	 {{Security Considerations for Peer-to-Peer Distributed
                  Hash Tables}},
  booktitle =	 iptps2002,
  year =	 {2002},
  address =	 iptps2002addr,
  pages =	 {261--269},
  month =	 mar,
}




@InProceedings{Sit2002short,
  author =	 {E. Sit and R. Morris},
  title =	 {{Security Considerations for Peer-to-Peer Distributed Hash Tables}},
  booktitle =	 {IPTPS},
  year =	 {2002},
}

@InProceedings{Douceur2002,
  author =	 {John Douceur},
  title =	 {{The Sybil Attack}},
  booktitle =	 {Proceedings of the 1st International Workshop on
                  Peer-to-Peer Systems (IPTPS)},
  pages =	 {251--260},
  year =	 {2002},
  address =	 {Boston, MA, USA},
  month =	 mar
}


@InProceedings{Douceur2002short,
  author =	 {J. Douceur},
  title =	 {{The Sybil Attack}},
  booktitle =	 {1st Intl.\ Workshop on
                  Peer-to-Peer Systems},
  year =	 {2002},
}

@InProceedings{Ellison1996,
  author = 	 {Carl M. Ellison},
  title = 	 {{Establishing Identity Without Certification Authorities}},
  booktitle = 	 {Proceedings of the 6th USENIX Security Symposium},
  pages =	 {67--76},
  year =	 {1996},
  address =	 {San Jose, {CA}, {USA}},
  month =	 jul,
}

@InProceedings{Ellison1996short,
  author = 	 {C. Ellison},
  title = 	 {{Establishing Identity Without Certification Authorities}},
  booktitle = 	 {USENIX Security},
  year =	 {1996},
}

@InProceedings{Liben2002short,
  author =	 {David Liben-Nowell and Hari Balakrishnan and David
                  Karger},
  title =	 {{Observations on the Dynamic Evolution of Peer-to-peer
                  Networks}},
  booktitle =	 {1st International Workshop on Peer-to-Peer Systems
                  (IPTPS)},
  year =	 {2002},
  month =	 mar,
  pages =	 {22--33},
  address =	 {Cambridge, MA, USA}
}


@InProceedings{Awerbuch2004,
  author =	 {Baruch Awerbuch and Christian Scheideler},
  title =	 {{Group Spreading: A protocol for provably secure
                  distributed name service}},
  booktitle =	 {Proceedings of the 31st International Colloquium on
                  Automata, Languages, and Programming (ICALP)},
  year =	 {2004},
  pages =	 {183--195},
  month =	 jul,
  address =	 {Turku, Finland}
}



@article{Stoica2003,
  author =	 {Ion Stoica and Robert Morris and David Liben-Nowell
                  and David R. Karger and M. Frans Kaashoek and Frank
                  Dabek and Hari Balakrishnan},
  title =	 {Chord: a Scalable Peer-to-Peer Lookup Protocol for
                  Internet Applications},
  journal =	 {IEEE/ACM Transactions on Networks},
  volume =	 {11},
  number =	 {1},
  year =	 {2003},
  issn =	 {1063-6692},
  pages =	 {17--32},
  doi =		 {http://dx.doi.org/10.1109/TNET.2002.808407},
  publisher =	 {IEEE Press}
}



@InProceedings{Ratnasamy2001,
  author =	 {Sylvia Ratnasamy and Paul Francis and Mark Handley
                  and Richard Karp and Scott Shenker},
  title =	 {{A Scalable Content-Addressable Network}},
  booktitle =	 {Proceedings of the {ACM} {SIGCOMM} Symposium on
                  Communication, Architecture, and Protocols},
  pages =	 {161--172},
  year =	 {2001},
  address =	 {San Diego, {CA}, {USA}},
  month =	 Aug,
  organization = {ACM SIGCOMM}
}

@InProceedings{Gummadi2003b,
  title =	 {{The Impact of DHT Routing Geometry on Resilience and
                  Proximity}},
  author =	 "Krishna Gummadi and R. Gummadi and Steven Gribble and
                  Sylvia Ratnasamy and Scott Shenker and Ion Stoica",
  booktitle =	 {Proceedings of the conference on Applications,
                  technologies, architectures, and protocols for
                  computer communications (SIGCOMM)},
  pages =	 {381--394},
  address =	 {Karlsruhe, Germany},
  month =	 aug,
  year =	 {2003}
}



@InProceedings{Malkhi2002,
  author =	 "Dahlia Malkhi and Moni Naor and David Ratajczak",
  title =	 {{Viceroy:  A Scalable and Dynamic Emulation of the Butterfly}},
  booktitle =	 "{Proceedings of XXX}",
  year =	 "{XXX}"
}

@Misc{BernsteinSYNCookies,
  author =	 {D. J. Bernstein},
  title =        {SYN Cookies},
  howpublished = {\url{http://cr.yp.to/syncookies.html}},
  year =         1996
}

@InProceedings{Freedman2004,
  title =	 "Democratizing content publication with Coral",
  author =	 {Michael J. Freedman and Eric Freudenthal and David
                  Mazi{\`e}res},
  booktitle =	 "Proceedings of the 1st Symposium on Networked Systems
                  Design and Implementation ({NSDI})",
  address =	 "San Francisco, CA, USA",
  month =	 mar,
  pages =	 {239--252},
  year =	 2004
}



@InProceedings{LaMarca2005,
  title =	 "Place Lab: Device Positioning Using Radio Beacons in
                  the Wild",
  author =	 {Anthony LaMarca and Yatin Chawathe and Sunny Consolvo
                  and Jeffrey Hightower and Ian Smith and James Scott
                  and Tim Sohn and James Howard and Jeff Hughes and Fred
                  Potter and Jason Tabert and Pauline Powledge and
                  Gaetano Borriello and Bill Schilit},
  booktitle =	 "Proceedings of the International Conference on
                  Pervasive Computing",
  pages =	 {116--133},
  address =	 "Munich, Germany",
  year =	 2005,
  month =	 may
}






	

@InProceedings{Dabek2001,
  title =	 {Wide-area cooperative storage with {CFS}},
  author =	 {Frank Dabek and M. Frans Kaashoek and David Karger and
                  Robert Morris and Ion Stoica},
  booktitle =	 sosp2001,
  pages =	 {202--215},
  year =	 {2001},
  month =	 oct,
  address =	 sosp2001addr
}

				  

@InProceedings{ oceanstore,
  author = {John Kubiatowicz and David Bindel and Yan Chen and Patrick Eaton and Dennis Geels and Ramakrishna Gummadi and Sean Rhea and Hakim Weatherspoon and Westly Weimer and Christopher Wells and Ben Zhao},
  title =  {OceanStore: An Architecture for Global-scale Persistent Storage},
  booktitle =    {Proceedings of ACM ASPLOS},
  year =         {2000},
  month =        {November},
}


@InProceedings{farsite,
  author =       "Atul Adya and William J. Bolosky and Miguel Castro and
                 Gerald Cermak and Ronnie Chaiken and John R. Douceur
                 and Jon Howell and Jacob R. Lorch and Marvin Theimer
                 and Roger P. Wattenhofer",
  title =        "{FARSITE}: Federated, Available, and Reliable Storage
                 for an Incompletely Trusted Environment",
  booktitle =    "Proceedings of the Fourth Symposium on Operating
                 Systems Design and Implementation",
  year =         "2002",
  month =        dec
}

@inproceedings{Stribling2005,
  title =	 {{OverCite: A Cooperative Digital Research Library}},
  author =	 {Jeremy Stribling and Isaac G. Councill and Jinyang Li
                  and M. Frans Kaashoek and David R. Karger and Robert
                  Morris and Scott Shenker},
  booktitle =	 "Proceedings of the 4th International Workshop on
                  Peer-to-Peer Systems (IPTPS)",
  address =	 {Ithaca, NY, USA},
  year =	 {2005},
  pages =	 "69--79",
  month =	 feb
}


	
@inproceedings{Loo2004,
  title =	 {{Enhancing P2P File-Sharing with an Internet-Scale
                  Query Processor}},
  author =	 {Boon Thau Loo and Ryan Huebsch and Joseph
                  M. Hellerstein and Scott Shenker and Ion Stoica},
  booktitle =	 {Proceedings of the 30th International Conference on
                  Very Large Data Bases (VLDB)},
  year =	 {2004},
  pages =	 {432-443},
  month =	 aug,
  address =	 {Toronto, ON, Canada},
}





@inproceedings{Koorde,
  title = {Koorde: A Simple Degree-optimal Hash Table},
  author = {Frans Kaashoek and David R. Karger},
  booktitle = {Proceedings of the 2nd International Workshop on Peer-to-Peer
Systems (IPTPS03)},
  year = {2003},
  address = {Berkeley, CA}
}

@InProceedings{Merkle1980,
  author =	 {Merkle, Ralph C.},
  title =	 {{Protocols for Public Key Cryptosystems}},
  booktitle =	 {Proceedings of the 1980 Symposium on Security and
                  Privacy},
  pages =	 {122--133},
  year =	 {1980},
  address =	 {Oakland, {CA}, {USA}},
  month =	 apr,
  organization = {{IEEE} Computer Society},
}

@InProceedings{Dwork1992,
  author =	 {Cynthia Dwork and Moni Naor},
  title =	 {{Pricing via Processing}},
  booktitle =	 {12nd Annual International Cryptology Conference},
  address =	 {Santa Barbara, {CA}, {USA}},
  pages =	 {139--147},
  month =	 aug,
  year =	 1992,
}

@InProceedings{Dwork2003,
  author = 	 {Dwork, Cynthia and Goldberg, Andrew and Naor, Moni},
  title = 	 {{On Memory-Bound Functions for Fighting Spam}},
  booktitle =	 {23rd Annual International Cryptology Conference},
  address =	 {Santa Barbara, {CA}, {USA}},
  month =	 aug,
  year =	 {2003},
}
@InProceedings{LOCKSS,
  author =	 {P. Maniatis and M. Roussopoulos and TJ Giuli and D. Rosenthal and M. Baker and Y. Muliadi},
  title =	 {{LOCKSS: A Peer-to-Peer Digital Preservation System }},
  booktitle =	 {ACM Transactions on Computer Systems},
  note = {To appear.},
  year =	 {2005},
}
@InProceedings{EigenTrust,
  author =	 {Sepandar D. Kamvar and Mario T. Schlosser and Hector Garcia-Molina},
  title =	 {{The EigenTrust Algorithm for Reputation Management in P2P Networks}},
  booktitle =	 {In Proceedings of the Twelfth International World Wide Web Conference},
  year =	 {2003},
  month =	 may,
  address =	 {{San Diego}, {CA}, {USA}},
}

@inproceedings{Keromytis2002short,
  author =	 {A. Keromytis and V. Misra and D.
                  Rubenstein},
  title =	 {{SOS: Secure Overlay Services}},
  booktitle =	 {SIGCOMM},
  year =	 {2002},
}

@inproceedings{Scheideler2005,
  author =	 {Christian Scheideler},
  title =	 {{How to spread adversarial nodes? Rotate!}},
  booktitle =	 {Proceedings of the thirty-seventh annual ACM symposium
                  on Theory of computing (STOC)},
  year =	 {2005},
  pages =	 {704--713},
  address =	 {Baltimore, MD, USA},
  month =	 may
}



@Inproceedings{Andersen2001,
  author =	 {David Andersen and Hari Balakrishnan and Frans
                  Kaashoek and Robert Morris},
  title =	 {{Resilient Overlay Networks}},
  booktitle =	 sosp2001,
  year =	 {2001},
  month =	 oct,
  pages =	 {131--145},
  address =	 sosp2001addr,
}

@inproceedings{Kc2003,
  author =	 {Gaurav S. Kc and Angelos D. Keromytis and Vassilis
                  Prevelakis},
  title =	 {Countering code-injection attacks with instruction-set
                  randomization},
  booktitle =	 {Proceedings of the 10th ACM conference on Computer and
                  communications security (CCS)},
  year =	 {2003},
  pages =	 {272--280},
  month =	 oct,
  address =	 {Washington {D.C.}, {USA}},
}



@InProceedings{Castro2000,
  author =	 {Miguel Castro and Barbara Liskov},
  title =	 {{Proactive Recovery in a Byzantine-Fault-Tolerant
                  System}},
  booktitle =	 {Proceedings of the 4th Symposium on Operating
                  Systems Design and Implementation (OSDI)},
  pages =	 {273--288},
  year =	 {2000},
  address =	 {San Diego, {CA}, {USA}},
  month =	 oct,
}

@InProceedings{Candea2004,
  author =	 {George Candea and Shinichi Kawamoto and Yuichi Fujiki and Greg Friedman and Armando Fox},
  title =	 {{Microreboot--A Technique for Cheap Recovery}},
  booktitle =	 {Proceedings of the 6th Symposium on Operating
                  Systems Design and Implementation (OSDI)},
  pages =	 {31--44},
  year =	 {2004},
  address =	 {San Francisco, {CA}, {USA}},
  month =	 dec,
}


@InProceedings{Rhea2005,
  author =	 {Sean Rhea and Brighten Godfrey and Brad Karp and John
                  Kubiatowicz and Sylvia Ratnasamy and Scott Shenker and
                  Ion Stoica and Harlan Yu},
  title =	 {{OpenDHT: A Public DHT Service and Its Uses}},
  booktitle =	 {Proceedings of the conference on Applications,
                  technologies, architectures, and protocols for
                  computer communications (SIGCOMM)},
  pages =	 {73--84},
  year =	 {2005},
  address =	 {Philadelphia, {PA}, {USA}},
  month =	 aug,
}



@InProceedings{White2002,
  Author =	 {Brian White and Jay Lepreau and Leigh Stoller and
                  Robert Ricci and Shashi Guruprasad and Mac Newbold and
                  Mike Hibler and Chad Barb and Abhijeet Joglekar},
  Title =	 {{An Integrated Experimental Environment for
                  Distributed Systems and Networks}},
  booktitle =	 "OSDI",
  address =	 {Boston, MA, USA},
  month =	 dec,
  year =	 2002,
  pages =	 {255--270}
}

@inproceedings{Pedersen1991,
  author =	 {Pedersen, Torben P.},
  title =	 {{Non-Interactive and Information-Theoretic Secure
                  Verifiable Secret Sharing}},
  pages =	 {129--140},
  booktitle =	 {Advances on Cryptology (CRYPTO)},
  series =	 {Lecture Notes in Computer Science},
  volume =	 576,
  editor =	 {Feigenbaum, Joan},
  month =	 aug,
  address =	 {},
  year =	 1991,
}

@InProceedings{Ansper2001,
  author =	 {Arne Ansper and Ahto Buldas and M\"art Saarepera and
                  Jan Willemson},
  title =	 {{Improving the Availability of Time-Stamping
                  Services}},
  booktitle =	 {Proccedings of the 6th Australasian Conference on
                  Information and Privacy (ACISP)},
  pages =	 {360--375},
  year =	 {2001},
  address =	 {Sydney, Australia},
  month =	 jul,
}


@inproceedings{Bharambe2004,
  author =	 {Ashwin R. Bharambe and Mukesh Agrawal and Srinivasan
                  Seshan},
  title =	 {{Mercury: Supporting Scalable Multi-Attribute Range
                  Queries}},
  booktitle =	 sigcomm2004,
  year =	 {2004},
  pages =	 {353--366},
  month =	 sep,
  address =	 {Portland, OR, USA}
}



@inproceedings{Slowness-OpenDHT,
  title =	 {{Fixing the Embarrassing Slowness of OpenDHT on
                  PlanetLab}},
  author =	 {Sean Rhea and {Byung-Gon Chun} and John Kubiatowicz
                  and Scott Shenker},
  booktitle =	 {Proceedings of the 2nd Workshop on Real, Large
                  Distributed Systems (WORLDS)},
  year =	 {2005},
  month =	 dec,
  address =	 {San Francisco, CA, USA},
}



@inproceedings{Condie2005,
  title =	 {{Induced Churn as Shelter from Routing-Table
                  Poisoning}},
  author =	 {Tyson Condie and Varun Kacholia and Sriram
                  Sankararaman and Joseph M. Hellerstein and Petros
                  Maniatis},
  booktitle =	 {Proceedings of the 13th Annual Network and Distributed
                  System Security Symposium (NDSS)},
  year =	 {2006},
  month =	 feb,
  address =	 {San Diego, CA, USA}
}




@techreport{Condie:EECS-2005-11,
   Author = {Tyson Condie and Varun Kacholia and Sriram Sankararaman and Petros Maniatis and Joseph M. Hellerstein},
   Title = {Maelstrom: Churn as Shelter},
   Institution = {EECS Department, University of California, Berkeley,
   CA, USA},
   Year = {2005},
   Month = nov,
   Number = {UCB/EECS-2005-11}
}

