@inproceedings{Stoica2001,
author = {Stoica, Ion and others},
booktitle = {SIGCOMM},
title = {{Chord: A scalable peer-to-peer lookup service for internet applications}},
year = {2001}
}

@inproceedings{Alvaro2011,
author = {Alvaro, Peter and others},
booktitle = {CIDR},
title = {{Consistency Analysis in Bloom: a CALM and Collected Approach}},
year = {2011}
}

@article{Balbin1987,
author = {Balbin, I. and Ramamohanarao, K.},
journal = {Journal of Logic Programming},
number = {3},
pages = {259--262},
publisher = {Elsevier},
title = {{A generalization of the differential approach to recursive query evaluation}},
url = {http://www.sciencedirect.com/science/article/pii/0743106687900045},
volume = {4},
year = {1987}
}

@misc{bloom,
title = {Bloom programming language},
howpublished = {\url{http://www.bloom-lang.org}},
key = {Bloom}
}

@article{Lamport1978,
author = {Lamport, Leslie},
doi = {10.1145/359545.359563},
issn = {00010782},
journal = {CACM},
month = jul,
number = {7},
pages = {558--565},
title = {{Time, clocks, and the ordering of events in a distributed system}},
volume = {21},
year = {1978}
}

@inproceedings{Lloyd2011,
author = {Lloyd, Wyatt and others},
booktitle = {SOSP},
isbn = {9781450309776},
keywords = {alps systems,causal,consistency,key-value storage,read transactions,scalable wide-area replication},
title = {Don't Settle for Eventual: Scalable Causal Consistency for Wide-Area Storage with {COPS}},
year = {2011}
}

@inproceedings{Schiper1989,
author = {Schiper, Andr\'{e} and others},
booktitle = {Proceedings of the 3rd International Workshop on Distributed Algorithms},
title = {A New Algorithm To Implement Causal Ordering},
year = {1989}
}

@inproceedings{Terry1995,
author = {Terry, D. B. and others},
booktitle = {SOSP},
title = {Managing update conflicts in {Bayou}, a weakly connected replicated storage system},
year = {1995}
}

@article{Parker1983,
author = {Parker, D S and others},
journal = {IEEE Transactions on Software Engineering},
number = {3},
pages = {240--247},
title = {{Detection of Mutual Inconsistency in Distributed Systems}},
volume = {SE-9},
year = {1983}
}

@article{Hellerstein2010,
author = {Hellerstein, Joseph M},
journal = {SIGMOD Record},
number = {1},
pages = {5--19},
title = {{The Declarative Imperative: Experiences and Conjectures in Distributed Logic}},
volume = {39},
year = {2010}
}

@inproceedings{Ameloot2011,
author = {Ameloot, Tom J. and others},
booktitle = {PODS},
title = {{Relational transducers for declarative networking}},
url = {http://portal.acm.org/citation.cfm?id=1989284.1989321},
year = {2011}
}

@incollection{dedalus,
   author = {Alvaro, Peter and others},
   affiliation = {University of California, Berkeley, USA},
   title = {Dedalus: Datalog in Time and Space},
   booktitle = {Datalog Reloaded},
   isbn = {978-3-642-24205-2},
   url = {http://dx.doi.org/10.1007/978-3-642-24206-9_16},
   year = 2011
}

@inproceedings{DeCandia2007,
author = {DeCandia, Giuseppe and others},
booktitle = {SOSP},
isbn = {9781595935915},
title = {{Dynamo: Amazon's highly available key-value store}},
url = {http://dl.acm.org/citation.cfm?id=1294281},
year = {2007}
}

@inproceedings{Gelfond1988,
author = {Gelfond, Michael and Lifschitz, Vladimir},
booktitle = {ICLP},
title = {The stable model semantics for logic programming},
url = {http://en.scientificcommons.org/42852244},
year = {1988}
}

@article{VanGelder1991,
author = {{Van Gelder}, A. and others},
journal = {JACM},
number = {3},
pages = {619--649},
publisher = {ACM},
title = {{The well-founded semantics for general logic programs}},
url = {http://dl.acm.org/citation.cfm?id=116838},
volume = {38},
year = {1991}
}

@inproceedings{Ross1990,
author = {Ross, Kenneth A.},
booktitle = {PODS},
title = {Modular Stratification and Magic Sets for {DATALOG} programs with negation},
url = {http://dl.acm.org/citation.cfm?id=298558},
year = {1990}
}

@incollection{Apt1988,
author = {Apt, Krzysztof R. and Blair, Howard A. and Walker, Adrian},
booktitle = {Foundations of Deductive Databases and Logic Programming},
editor = {Minker, J.},
pages = {89--148},
publisher = {Morgan Kaufmann},
title = {{Towards a theory of declarative knowledge}},
url = {http://oai.cwi.nl/oai/asset/10404/10404A.pdf},
year = {1988}
}

@inproceedings{Ross1992,
author = {Ross, Kenneth A. and Sagiv, Yehoshua},
booktitle = {PODS},
title = {Monotonic Aggregation in Deductive Databases},
year = {1992}
}

@article{Kostler1995,
author = {K\"{o}stler, Gerhard and others},
journal = {Journal of Intelligent Information Systems},
number = {2},
pages = {123--148},
title = {{Fixpoint Iteration with Subsumption in Deductive Databases}},
volume = {4},
year = {1995}
}

@book{Okasaki1999,
author = {Okasaki, Chris},
publisher = {Cambridge University Press},
title = {{Purely Functional Data Structures}},
year = {1999}
}

@incollection{Zaniolo1999,
author = {Zaniolo, Carlo and Wang, Haixun},
booktitle = {The Logic Programming Paradigm: Current Trends and Future Directions},
pages = {401--424},
title = {Logic-Based User-Defined Aggregates for the Next Generation of Database Systems},
year = {1999},
}

@article{Farrag1989,
author = {Farrag, Abdel Aziz and \"{O}zsu, M. Tamer},
doi = {10.1145/76902.76905},
issn = {03625915},
journal = {ACM TODS},
keywords = {and phrases,database,knowledge,transaction},
month = dec,
number = {4},
pages = {503--525},
publisher = {ACM},
title = {{Using semantic knowledge of transactions to increase concurrency}},
url = {http://portal.acm.org/citation.cfm?doid=76902.76905 http://dl.acm.org/citation.cfm?id=76902.76905},
volume = {14},
year = {1989}
}

@article{Garcia-Molina1983,
author = {Garcia-Molina, Hector},
doi = {10.1145/319983.319985},
issn = {03625915},
journal = {ACM TODS},
month = jun,
number = {2},
pages = {186--213},
title = {{Using semantic knowledge for transaction processing in a distributed database}},
url = {http://portal.acm.org/citation.cfm?doid=319983.319985},
volume = {8},
year = {1983}
}

@article{Weihl1988,
author = {Weihl, William E.},
doi = {10.1109/12.9728},
issn = {00189340},
journal = {IEEE Transactions on Computers},
number = {12},
pages = {1488--1505},
title = {Commutativity-Based Concurrency Control for Abstract Data Types},
url = {http://ieeexplore.ieee.org/lpdocs/epic03/wrapper.htm?arnumber=9728},
volume = {37},
year = {1988}
}

@article{O'Neil1986,
author = {O'Neil, Patrick E.},
doi = {10.1145/7239.7265},
issn = {03625915},
journal = {ACM TODS},
month = dec,
number = {4},
pages = {405--430},
title = {{The Escrow transactional method}},
url = {http://portal.acm.org/citation.cfm?doid=7239.7265},
volume = {11},
year = {1986}
}

@inproceedings{Helland2009,
author = {Helland, Pat and Campbell, Dave},
booktitle = {CIDR},
keywords = {eventual,fault tolerance,loose coupling,transactions},
title = {Building on Quicksand},
url = {http://arxiv.org/abs/0909.1788},
year = {2009}
}

@inproceedings{Power2010,
author = {Power, Russell and Li, Jinyang},
booktitle = {OSDI},
title = {{Piccolo: building fast, distributed programs with partitioned tables}},
url = {http://www.usenix.org/events/osdi10/tech/full\_papers/Power.pdf},
year = {2010}
}

@misc{statebox,
author = {Bob Ippolito},
howpublished = {\url{http://labs.mochimedia.com/archive/2011/05/08/statebox/}},
title = {{statebox, an eventually consistent data model for Erlang (and Riak)}},
year = 2011
}

@inproceedings{Shapiro2011b,
author = {Shapiro, Marc and others},
booktitle = {13th International Symposium on Stabilization, Safety, and Security of Distributed Systems},
title = {Conflict-free Replicated Data Types},
year = {2011}
}

@techreport{Shapiro2011a,
author = {Shapiro, Marc and others},
institution = {INRIA},
title = {A Comprehensive Study of Convergent and Commutative Replicated Data Types},
url = {http://hal.archives-ouvertes.fr/inria-00555588/},
year = {2011},
number = {RR-7506},
}

@article{vogels,
  title =        {{Eventually Consistent}},
  author =       {Werner Vogels},
  journal =      {CACM},
  volume =       52,
  number =       1,
  pages =        {40--44},
  year =         2009,
  publisher =    {ACM}
}

@inproceedings{Gifford1979,
author = {Gifford, David K.},
booktitle = {SOSP},
isbn = {0897910095},
title = {{Weighted voting for replicated data}},
url = {http://dl.acm.org/citation.cfm?id=806583},
year = {1979}
}

@article{Lamport1998,
author = {Lamport, Leslie},
doi = {10.1145/279227.279229},
issn = {07342071},
journal = {ACM TOCS},
month = may,
number = {2},
pages = {133--169},
publisher = {ACM},
title = {{The part-time parliament}},
url = {http://portal.acm.org/citation.cfm?doid=279227.279229 http://dl.acm.org/citation.cfm?id=279229},
volume = {16},
year = {1998}
}

@inproceedings{Fidge1988,
author = {Fidge, Colin J.},
booktitle = {Australian Computer Science Conference},
title = {Timestamps in Message Passing Systems That Preserve the Partial Ordering},
year = {1988}
}

@inproceedings{Mattern1989,
author = {Mattern, Friedemann},
booktitle = {Workshop on Parallel and Distributed Algorithms},
title = {{Virtual time and global states of distributed systems}},
year = {1989}
}

@article{Birman2009,
   title={Toward a cloud computing research agenda},
   author={Birman, K. and others},
   journal={SIGACT News},
   volume={40},
   number={2},
   pages={68--80},
   year={2009}
 }
 
@inproceedings{Ellis1989,
 author = {Ellis, C. A. and Gibbs, S. J.},
 title = {Concurrency control in groupware systems},
 booktitle = {SIGMOD},
 year = {1989},
 isbn = {0-89791-317-5},
 url = {http://doi.acm.org/10.1145/67544.66963}
}

@inproceedings{Sun1998,
 author = {Sun, Chengzheng and Ellis, Clarence},
 title = {Operational transformation in real-time group editors: issues, algorithms, and achievements},
 booktitle = {CSCW},
 year = {1998},
 isbn = {1-58113-009-0},
 location = {Seattle, Washington, United States},
 url = {http://doi.acm.org/10.1145/289444.289469}
}

@misc{voldemort-vector-clock,
  author = {{LinkedIn, Inc.}},
  title = {{Voldemort vector clock class}},
  howpublished = {\url{https://raw.github.com/voldemort/voldemort/master/src/java/voldemort/versioning/VectorClock.java}},
  note = {Accessed February 20, 2012.}
}

@misc{sqlite-on-conflict,
  title = {{SQLite Query Language: ON CONFLICT clause}},
  howpublished = {\url{http://sqlite.org/lang_conflict.html}},
  key = {sqlite}
}

@misc{oracle-conflict,
  author = {{Oracle Corporation}},
  title = {{Streams Conflict Resolution}},
  howpublished = {\url{http://docs.oracle.com/cd/B10501_01/server.920/a96571/conflict.htm}}
}

@article{Tarski1955,
author = {Tarski, Alfred},
journal = {Pacific Journal of Mathematics},
number = {2},
pages = {285--309},
title = {A lattice-theoretical fixpoint theorem and its applications},
volume = {5},
year = {1955}
}

@inproceedings{dedalus-confluence,
    Author = {Marczak, William and others},
    Title = {Confluence Analysis for Distributed Programs: A Model-Theoretic Approach},
    booktitle = {Datalog 2.0},
    Year = {2012},
    note = "To appear",
}

@article{Sun1998a,
author = {Sun, Chengzheng and others},
journal = {ACM TOCHI},
month = mar,
number = {1},
pages = {63--108},
title = {{Achieving convergence, causality preservation, and intention preservation in real-time cooperative editing systems}},
url = {http://doi.acm.org/10.1145/274444.274447},
volume = {5},
year = {1998}
}

@inproceedings{Gray1978,
author = {Gray, Jim},
booktitle = {Operating Systems, An Advanced Course},
isbn = {3-540-08755-9},
pages = {393--481},
publisher = {Springer-Verlag},
title = {{Notes on Data Base Operating Systems}},
url = {http://dl.acm.org/citation.cfm?id=647433.723863},
year = {1978}
}

@inproceedings{Abiteboul2011,
author = {Abiteboul, Serge and Bienvenu, M. and Galland, A. and Antoine, \'{E}milien},
booktitle = {PODS},
title = {A rule-based language for web data management},
url = {http://hal.inria.fr/inria-00582891/},
year = {2011}
}

@article{Field2009,
author = {Field, John and Marinescu, Maria-Cristina and Stefansen, Christian},
journal = {Theoretical Computer Science},
month = feb,
number = {2-3},
pages = {168--201},
title = {Reactors: A data-oriented synchronous/asynchronous programming model for distributed applications},
url = {http://dl.acm.org/citation.cfm?id=1496391.1496423},
volume = {410},
year = {2009}
}

@inproceedings{Alvaro2010,
author = {Alvaro, Peter and Condie, Tyson and Conway, Neil and Elmeleegy, Khaled and Hellerstein, Joseph M and Sears, Russell},
booktitle = {EuroSys},
title = {{BOOM Analytics: exploring data-centric, declarative programming for the cloud}},
url = {http://portal.acm.org/citation.cfm?id=1755913.1755937},
year = {2010}
}
