%% This BibTeX bibliography file was created using BibDesk.
%% http://bibdesk.sourceforge.net/


%% Created for Joe Hellerstein at 2009-07-27 16:22:12 -0700 


%% Saved with string encoding Unicode (UTF-8) 



@inproceedings{Navarro2009Operational-Sem,
	Author = {Juan A. Navarro and Andrey Rybalchenko},
	Bibsource = {DBLP, http://dblp.uni-trier.de},
	Booktitle = {PADL},
	Crossref = {2009Practical-Aspec},
	Date-Added = {2009-07-24 17:13:04 -0700},
	Date-Modified = {2009-07-27 16:15:44 -0700},
	Keywords = {Overlog, P2},
	Pages = {76-90},
	Title = {Operational Semantics for Declarative Networking},
	Year = {2009},
	Bdsk-Url-1 = {http://dx.doi.org/10.1007/978-3-540-92995-6_6}}

@inproceedings{Zhou2009Unified-Declara,
	Author = {Wenchao Zhou and Yun Mao and Boon Thau Loo and Mart\'{\i}n Abadi},
	Bibsource = {DBLP, http://dblp.uni-trier.de},
	Booktitle = {ICDE},
	Crossref = {DBLP:conf/icde/2009},
	Date-Added = {2009-07-24 17:12:55 -0700},
	Date-Modified = {2009-07-27 16:21:34 -0700},
	Keywords = {Declarative Networks, Security},
	Pages = {150-161},
	Title = {Unified Declarative Platform for Secure Netwoked Information Systems},
	Year = {2009},
	Bdsk-Url-1 = {http://dx.doi.org/10.1109/ICDE.2009.58}}

@inproceedings{Loo2006Declarative-Net,
	Author = {Boon Thau Loo and Tyson Condie and Minos Garofalakis and David E. Gay and Joseph M. Hellerstein and Petros Maniatis and Raghu Ramakrishnan and Timothy Roscoe and Ion Stoica},
	Booktitle = SIGMOD,
	Date-Added = {2009-07-24 17:06:10 -0700},
	Date-Modified = {2009-07-27 16:19:10 -0700},
	Keywords = {Declarative Networks, NDLog, P2},
	Title = {{Declarative Networking: Language, Execution and Optimization}},
	Year = 2006}

@inproceedings{Condie2008Evita-Raced:-Me,
	Author = {Tyson Condie and David Chu and Joseph M. Hellerstein and Petros Maniatis},
	Booktitle = VLDB,
	Date-Added = {2009-07-24 17:05:50 -0700},
	Date-Modified = {2009-07-27 16:21:55 -0700},
	Keywords = {Declarative Networks, Overlog, P2, Metaprogramming},
	Title = {{Evita Raced: Metacompilation for Declarative Networks}},
	Year = 2008}

@inproceedings{Chu2007The-Design-and-,
	Author = {David Chiyuan Chu and Lucian Popa and Arsalan Tavakoli and Joseph M. Hellerstein and Philip Levis and Scott Shenker and Ion Stoica},
	Booktitle = {{5th ACM Conference on Embedded networked Sensor Systems (SenSys)}},
	Date-Added = {2009-07-24 17:05:38 -0700},
	Date-Modified = {2009-07-27 16:17:41 -0700},
	Keywords = {Declarative Networks, DSN, SNLog},
	Title = {{The Design and Implementation of A Declarative Sensor Network System}},
	Year = 2007}

@techreport{Alvaro2009BOOM:-Data-Cent,
	Author = {Alvaro, Peter and Condie, Tyson and Conway, Neil and Elmeleegy, Khaled and Hellerstein, Joseph M. and Sears, Russell C},
	Date-Added = {2009-07-24 17:03:13 -0700},
	Date-Modified = {2009-07-27 16:13:44 -0700},
	Institution = {EECS Department, University of California, Berkeley},
	Keywords = {Cloud, Overlog},
	Month = {Jul},
	Number = {UCB/EECS-2009-98},
	Title = {{BOOM}: Data-Centric Programming in the Datacenter},
	Url = {http://www.eecs.berkeley.edu/Pubs/TechRpts/2009/EECS-2009-98.html},
	Year = {2009},
	Bdsk-Url-1 = {http://www.eecs.berkeley.edu/Pubs/TechRpts/2009/EECS-2009-98.html}}

@inproceedings{Wang2009Towards-Declara,
	Author = {Anduo Wang and Prithwish Basu and Boon Thau Loo and Oleg Sokolsky},
	Booktitle = {11th International Symposium on Practical Aspects of Declarative Languages (PADL)},
	Date-Added = {2009-07-24 17:03:07 -0700},
	Date-Modified = {2009-07-27 16:15:25 -0700},
	Keywords = {Declarative Networks},
	Title = {Towards Declarative Network Verification},
	Year = 2009}

@inproceedings{Belaramani2009PADS:-A-Policy-,
	Author = {Nalini Belaramani and Jiandan Zheng and Amol Nayate and Robert Soul\'{e} and Mike Dahlin and Robert Grimm},
	Booktitle = nsdi,
	Date-Added = {2009-07-24 17:03:02 -0700},
	Date-Modified = {2009-07-27 16:18:55 -0700},
	Keywords = {Overlog, Replication},
	Title = {{PADS: A Policy Architecture for Distributed Storage Systems}},
	Year = {2009}}

@inproceedings{Marczak2009Declarative-Rec,
	Author = {William R. Marczak and David Zook and Wenchao Zhou and Molham Aref and Boon Thau Loo},
	Booktitle = cidr,
	Date-Added = {2009-07-24 17:02:59 -0700},
	Date-Modified = {2009-07-27 16:21:22 -0700},
	Keywords = {Logic Blox, Security, Trust, Metaprogramming},
	Title = {{Declarative Reconfigurable Trust Management}},
	Year = 2009}

@inproceedings{Perez2009Cardinality-Abs,
	Author = {Juan Navarro Perez and A. Rybalchenko and A. Singh.},
	Booktitle = cav,
	Date-Added = {2009-07-24 17:02:56 -0700},
	Date-Modified = {2009-07-27 16:14:49 -0700},
	Keywords = {Overlog, P2},
	Title = {{Cardinality Abstraction for Declarative Networking Applications}},
	Year = {2009}}

@inproceedings{Chu2009Automating-Rend,
	Author = {David Chu and Joseph Hellerstein},
	Booktitle = {Eighth International Conference on Information Processing in Sensor Networks (IPSN)},
	Date-Added = {2009-07-24 17:02:49 -0700},
	Date-Modified = {2009-07-27 16:14:28 -0700},
	Keywords = {Declarative Networks, DSN, SNLog},
	Title = {{Automating Rendezvous and Proxy Selection in Sensor Networks}},
	Year = 2009}

@inproceedings{Wang2009A-Theorem-Provi,
	Author = {Anduo Wang and Boon Thau Loo and Changbin Liu and Oleg Sokolsky and Prithwish Basu},
	Booktitle = {22nd International Conference on Theorem Proving in Higher Order Logics (TPHOLs) emerging trends proceedings},
	Date-Added = {2009-07-24 17:02:43 -0700},
	Date-Modified = {2009-07-27 16:14:02 -0700},
	Keywords = {Declarative Networks},
	Title = {{A Theorem Proving Approach towards Declarative Networking}},
	Year = 2009}

@inproceedings{Zhou2008Provenance-awar,
	Author = {Wenchao Zhou and Eric Cronin and Boon Thau Loo},
	Booktitle = {NetDB},
	Date-Added = {2009-07-24 17:02:39 -0700},
	Date-Modified = {2009-07-27 16:21:46 -0700},
	Keywords = {Declarative Networks, Security, Provenance},
	Title = {{Provenance-aware Secure Networks}},
	Year = 2008}

@inproceedings{Belaramani2006PRACTI-Replicat,
	Author = {N. Belaramani and M. Dahlin and L. Gao and A. Nayate and A. Venkataramani and P. Yalagandula and J. Zheng},
	Booktitle = nsdi,
	Date-Added = {2009-07-24 17:01:40 -0700},
	Date-Modified = {2009-07-27 16:18:48 -0700},
	Keywords = {Overlog, Replication},
	Title = {PRACTI Replication},
	Year = 2006}

@inproceedings{Chu2006Entirely-Declar,
	Author = {David Chu and Arsalan Tavakoli and Lucian Popa and Joseph M. Hellerstein},
	Booktitle = vldbDemo,
	Date-Added = {2009-07-24 17:01:21 -0700},
	Date-Modified = {2009-07-27 16:18:34 -0700},
	Keywords = {Declarative Networks, DSN, SNLog},
	Title = {{Entirely Declarative Sensor Network Systems}},
	Year = {2006}}

@techreport{Loo2004Querying-Networ,
	Author = {Boon Thau Loo},
	Date-Added = {2009-07-24 17:00:32 -0700},
	Date-Modified = {2009-07-27 16:20:51 -0700},
	Institution = {UC Berkeley},
	Keywords = {Declarative Networks, Routing},
	Number = {UCB-CS-04-1332},
	Title = {{Querying Network Graphs with Recursive Queries}},
	Year = {2004}}

@inproceedings{Loo2004Customizable-Ro,
	Author = {Boon Thau Loo and Joseph M. Hellerstein and Ion Stoica},
	Booktitle = {HotNets},
	Date-Modified = {2009-07-27 16:20:32 -0700},
	Keywords = {Declarative Networks, Routing},
	Month = Nov,
	Title = {Customizable Routing with Declarative Queries},
	Year = {2004}}

@phdthesis{Loo2006The-Design-and-,
	Author = {Boon Thau Loo},
	Date-Modified = {2009-07-27 16:19:21 -0700},
	Institution = {University of California, Berkeley},
	Keywords = {Declarative Networks, SNLog, P2},
	Title = {The Design and Implementation of Declarative Networks},
	Year = 2006,
	Bdsk-Url-1 = {http://www.eecs.berkeley.edu/Pubs/TechRpts/2006/EECS-2006-177.html}}

@inproceedings{Loo2005Declarative-Rou,
	Author = {Boon Thau Loo and Joseph M. Hellerstein and Ion Stoica and Raghu Ramakrishnan},
	Booktitle = {SIGCOMM},
	Date-Modified = {2009-07-27 16:20:24 -0700},
	Keywords = {Declarative Networks, Routing},
	Title = {{Declarative Routing: Extensible Routing with Declarative Queries}},
	Year = {2005}}

@inproceedings{Loo2005Implementing-De,
	Author = {Boon Thau Loo and Tyson Condie and Joseph M. Hellerstein and Petros Maniatis and Timothy Roscoe and Ion Stoica},
	Booktitle = {SOSP},
	Date-Modified = {2009-07-27 16:20:16 -0700},
	Keywords = {Declarative Networks, Overlay Networks, Overlog, P2},
	Title = {{Implementing Declarative Overlays}},
	Year = 2005}

@inproceedings{Abadi2007Towards-a-Decla,
	Author = {Mart\'{i}n Abadi and Boon Thau Loo},
	Booktitle = {International Workshop on Networking Meets Databases (NetDB)},
	Date-Modified = {2009-07-27 16:17:28 -0700},
	Keywords = {Declarative Networks, Security, SeNDLog},
	Title = {{Towards a Declarative Language and System for Secure Networking}},
	Year = {2007}}

@inproceedings{Singh2006Distributed-Mon,
	Author = {Atul Singh and Petros Maniatis and Timothy Roscoe and Peter Druschel},
	Booktitle = {EuroSys},
	Date-Modified = {2009-07-27 16:17:59 -0700},
	Keywords = {Declarative Networks, Overlog, P2},
	Title = {Distributed Monitoring and Forensics in Overlay Networks},
	Year = {2006}}

@unpublished{SzekelyA-Paxon-Evaluat,
	Author = {Benjamin Szekely and Elias Torres},
	Date-Modified = {2009-07-27 16:13:50 -0700},
	Keywords = {Declarative Networks, P2, Overlog},
	Note = {Harvard University. \url{http://torrez.us/2006/02/02/p2paxos.pdf}},
	Title = {A Paxon Evaluation of P2}}

@inproceedings{Gunawi2008SQCK:-A-Declara,
	Author = {Haryadi S. Gunawi and others},
	Booktitle = {OSDI},
	Date-Modified = {2009-07-27 16:16:07 -0700},
	Keywords = {File Systems, SQL, fsck},
	Title = {{SQCK: A Declarative File System Checker}},
	Year = 2008}

@inproceedings{Shen2007Declarative-Inf,
	Author = {Warren Shen and others},
	Booktitle = {VLDB},
	Date-Modified = {2009-07-27 16:22:11 -0700},
	Keywords = {Information Extraction},
	Title = {Declarative Information Extraction Using Datalog with Embedded Extraction Predicates},
	Year = 2007}

@inproceedings{Ashley-Rollman2007Declarative-Pro,
	Author = {Ashley-Rollman, Michael P. and others},
	Booktitle = {Workshop on Self-Reconfigurable Robots/Systems and Applications},
	Date-Modified = {2009-07-27 16:17:00 -0700},
	Keywords = {Modular robotics, MELD},
	Title = {{Declarative Programming for Modular Robots}},
	Year = 2007}

@inproceedings{Lam2005Context-Sensiti,
	Author = {Monica S. Lam and John Whaley and V.~Benjamin Livshits and Michael C. Martin and Dzintars Avots and Michael Carbin and Christopher Unkel},
	Booktitle = {PODS},
	Date-Modified = {2009-07-27 16:19:50 -0700},
	Keywords = {bddbddb, BDD},
	Title = {{Context-Sensitive Program Analysis as Database Queries}},
	Year = {2005}}

@inproceedings{Li2003Datalog-with-Co,
	Author = {N. Li and J.C. Mitchell},
	Booktitle = {International Symposium on Practical Aspects of Declarative Languages},
	Date-Modified = {2009-07-27 16:21:01 -0700},
	Keywords = {Security, Trust},
	Title = {{Datalog with Constraints: A Foundation for Trust-management Languages}},
	Year = 2003}

@inproceedings{White2007Scaling-games-t,
	Author = {Walker White and others},
	Booktitle = {SIGMOD},
	Date-Modified = {2009-07-27 16:16:50 -0700},
	Keywords = {Games, SGL},
	Title = {Scaling games to epic proportions},
	Year = 2007}

@inproceedings{Eisner2004Dyna:-a-declara,
	Author = {Eisner, Jason and Goldlust, Eric and Smith, Noah A.},
	Booktitle = {Proc. ACL},
	Date-Modified = {2009-07-27 16:20:40 -0700},
	Keywords = {NLP},
	Title = {Dyna: a declarative language for implementing dynamic programs},
	Year = {2004}}

@inproceedings{Vaithyanathan2007Towards-Declara,
	Author = {Shivakumar Vaithyanathan},
	Booktitle = {Web Intelligence},
	Date-Modified = {2009-07-27 16:22:05 -0700},
	Keywords = {Information Extraction},
	Note = {Industrial Keynote},
	Title = {Towards Declarative Information Extraction: The Almaden Story},
	Year = 2007}

@inproceedings{Eisner2005Compiling-Comp-,
	Author = {Eisner, Jason and Goldlust, Eric and Smith, Noah A.},
	Booktitle = {Proc. Human Language Technology Conference and Conference on Empirical Methods in Natural Language Processing (HLT-EMNLP)},
	Date-Modified = {2009-07-27 16:19:35 -0700},
	Keywords = {NLP},
	Title = {Compiling Comp Ling: Weighted Dynamic Programming and the {D}yna Language},
	Year = 2005}

@inproceedings{Yang2006Hilda:-A-High-L,
	Author = {Fan Yang and others},
	Booktitle = {ICDE},
	Date-Modified = {2009-07-27 16:17:48 -0700},
	Keywords = {Hilda},
	Title = {Hilda: A High-Level Language for Data-Driven Web Applications},
	Year = 2006}
