@inproceedings{castrosecurity02,
 author = "M. Castro and P. Druschel and A. Ganesh and A. Rowstron and Da
n S. Wallach",
 title = " {Secure routing for structured peer-to-peer overlay networks}",
  booktitle = "Proceedings of OSDI",
  year = 2002,
  month = dec,
  address = "Boston, MA"
}

@inproceedings{Chord,
  author =      "Ion Stoica and Robert Morris and David Karger and M. Frans Kaas
hoek and Hari Balakrishnan",
  title =       "Chord: {A} scalable peer-to-peer lookup service for {Internet} 
applications",
  booktitle = "Proceedings of ACM SIGCOMM",
  address = "San Diego, CA",
  year =        2001,
  month =       aug
}
