@inproceedings{Alvaro2011,
  author = {Alvaro, Peter and Conway, Neil and Hellerstein, Joseph M and Marczak, William R},
  booktitle =    {CIDR},
  title =        {Consistency Analysis in {Bloom}: a {CALM} and Collected
                  Approach},
  year =         2011
}

@article{Birman2009,
  title =        {Toward a cloud computing research agenda},
  author = {Birman, Ken and Chockler, Gregory and van Renesse, Robbert},
  journal =      {SIGACT News},
  volume =       40,
  number =       2,
  pages =        {68--80},
  year =         2009
}

@inproceedings{Helland2009,
  author =       {Helland, Pat and Campbell, Dave},
  booktitle =    {CIDR},
  title =        {Building on Quicksand},
  url =          {http://arxiv.org/abs/0909.1788},
  year =         2009
}

@misc{bloom-website,
  title =        {Bloom programming language},
  howpublished = {\url{http://www.bloom-lang.org}},
  key =          {Bloom}
}

@inproceedings{dedalus-confluence,
  Author =       {Marczak, William R and Alvaro, Peter and Conway, Neil and Hellerstein, Joseph M},
  Title =        {Confluence Analysis for Distributed Programs: A
                  Model-Theoretic Approach},
  booktitle =    {Datalog 2.0},
  Year =         2012
}

@inproceedings{Ameloot2011,
  author =       {Ameloot, Tom J. and others},
  booktitle =    {PODS},
  title =        {{Relational transducers for declarative networking}},
  url =          {http://portal.acm.org/citation.cfm?id=1989284.1989321},
  year =         2011
}

@article{Hellerstein2010,
  author =       {Hellerstein, Joseph M},
  journal =      {SIGMOD Record},
  number =       1,
  pages =        {5--19},
  title =        {{The Declarative Imperative: Experiences and Conjectures in
                  Distributed Logic}},
  volume =       39,
  year =         2010
}

@inproceedings{DeCandia2007,
  author =       {DeCandia, Giuseppe and others},
  booktitle =    {SOSP},
  title =        {Dynamo: {Amazon's} highly available key-value store},
  url =          {http://dl.acm.org/citation.cfm?id=1294281},
  year =         2007
}

@inproceedings{Alvaro2012,
author = {Alvaro, Peter and Hutchinson, Andrew and Conway, Neil and Marczak, William R and Hellerstein, Joseph M},
booktitle = {DBTest},
title = {{BloomUnit}: Declarative Testing for Distributed Programs},
year = {2012}
}

@article{vogels,
  title =        {Eventually Consistent},
  author =       {Werner Vogels},
  journal =      {CACM},
  volume =       52,
  number =       1,
  pages =        {40--44},
  year =         2009,
  publisher =    {ACM}
}

@inproceedings{Terry1995,
  author = {Terry, Douglas B and Theimer, Marvin M and Petersen, Karin and Demers, Alan J and Spreitzer, Mike J and Hauser, Carl H},
  booktitle =    {SOSP},
  title =        {Managing update conflicts in {Bayou}, a weakly connected
                  replicated storage system},
  year =         1995
}

@techreport{Shapiro2011a,
  author = {Shapiro, Marc and Pregui\c{c}a, Nuno and Baquero, Carlos and Zawirski, Marek},
  institution =  {INRIA},
  title =        {A Comprehensive Study of Convergent and Commutative Replicated
                  Data Types},
  url =          {http://hal.archives-ouvertes.fr/inria-00555588/},
  year =         2011,
  number =       {RR-7506},
}

@inproceedings{Shapiro2011b,
  author = {Shapiro, Marc and Pregui\c{c}a, Nuno and Baquero, Carlos and Zawirski, Marek},
  booktitle =    {13th International Symposium on Stabilization, Safety, and
                  Security of Distributed Systems},
  title =        {Conflict-free Replicated Data Types},
  year =         2011
}

@inproceedings{Conway2012,
author = {Conway, Neil and Marczak, William R and Alvaro, Peter and Hellerstein, Joseph M and Maier, David},
title = {Logic and Lattices for Distributed Programming},
booktitle = {SoCC},
year = {2012}
}

@inproceedings{Burckhardt2012,
author = {Burckhardt, Sebastian and F\"{a}hndrich, Manuel and Leijen, Daan and Wood, Benjamin P},
booktitle = {ECOOP},
title = {Cloud Types for Eventual Consistency},
year = {2012}
}

@article{Pritchett2008,
author = {Pritchett, Dan},
doi = {10.1145/1394127.1394128},
issn = {1542-7730},
journal = {ACM Queue},
month = may,
number = {3},
pages = {48--55},
title = {{BASE: An Acid Alternative}},
url = {http://doi.acm.org/10.1145/1394127.1394128},
volume = {6},
year = {2008}
}

@article{Roh2011,
author = {Roh, Hyun-Gul and Jeon, Myeongjae and Kim, Jin-Soo and Lee, Joonwon},
doi = {10.1016/j.jpdc.2010.12.006},
journal = {Journal of Parallel and Distributed Computing},
month = mar,
number = {3},
pages = {354--368},
publisher = {Elsevier Inc.},
title = {Replicated abstract data types: Building blocks for collaborative applications},
url = {http://linkinghub.elsevier.com/retrieve/pii/S0743731510002716},
volume = {71},
year = {2011}
}

@article{Brewer2012,
author = {Brewer, Eric A},
doi = {http://doi.ieeecomputersociety.org/10.1109/MC.2012.37},
journal = {IEEE Computer},
pages = {23--29},
title = {{CAP} Twelve Years Later: How the "Rules" Have Changed},
volume = {45},
year = {2012}
}

@inproceedings{Brewer2000,
author = {Brewer, Eric A},
booktitle = {PODC},
doi = {10.1145/343477.343502},
title = {{Towards robust distributed systems}},
url = {http://doi.acm.org/10.1145/343477.343502},
year = {2000}
}

@inproceedings{Korth1990,
author = {Korth, Henry F and Levy, Eliezer and Silberschatz, Abraham},
booktitle = {VLDB},
isbn = {0-55860-149-X},
title = {A formal approach to recovery by compensating transactions},
url = {http://dl.acm.org/citation.cfm?id=94362.94407},
year = {1990}
}

@inproceedings{Garcia-Molina1987,
author = {Garcia-Molina, Hector and Salem, Kenneth},
booktitle = {SIGMOD},
doi = {10.1145/38713.38742},
title = {{Sagas}},
url = {http://doi.acm.org/10.1145/38713.38742},
year = {1987}
}

@book{AliceBook,
author    = {Serge Abiteboul and
               Richard Hull and
               Victor Vianu},
  title     = {Foundations of Databases},
  publisher = {Addison-Wesley},
  year      = {1995},
  isbn      = {0-201-53771-0}
}