@string{ vldb03 = "Proc. of the 29th International Conference on
                   Very Large Data Bases"}
@string{ vldb04 = "Proc. of the 30th International Conference on
                   Very Large Data Bases"}
@String{sigcomm99="Proc. {ACM SIGCOMM}"}
@String{sigcomm03="Proc. {ACM SIGCOMM}"}
@String{sigcomm04="Proc. {ACM SIGCOMM}"}
@String{osdi00="Proc. {USENIX OSDI}"}
@string{OSDI02="Proc. {USENIX OSDI}"}
@string{USENIXASSOC = "{USENIX} {Association}"}

@InProceedings{balakrishnan-sigcomm99,
  author = 	 {Hari Balakrishnan and Hariharan Rahul and Srinivasan Seshan},
  title = 	 {An Integrated Congestion Management Architecture for Internet Hosts},
  booktitle =	 sigcomm99,
  year =	 1999,
  month =	 {September}
}

@InProceedings{andersen-osdi00,
  author = 	 {David Andersen and Deepak Bansal and Dorothy Curtis and Srinivasan Seshan and Hari Balakrishnan},
  title = 	 {System Support for Bandwidth Management and Content Adaptation in Internet Applications},
  booktitle =	 osdi00,
  year =	 2000,
  address =	 {San Diego, CA},
  month =	 {October}
}

@inproceedings{huebsch.pier.2003,
author    = { Ryan Huebsch and Joseph M. Hellerstein and Nick Lanham and
              Boon Thau Loo and Scott Shenker and Ion Stoica },
title     = { Querying the Internet with PIER },
booktitle = vldb03,
month     = { September },
year      = { 2003 }}

@InProceedings{rhea_usenix_2004,
  author =       {Sean Rhea and Dennis Geels and Timothy Roscoe and John Kubiatowicz},
  title =        {Handling {C}hurn in a {DHT}},
  booktitle =    {Proc. of the 2004 USENIX Technical Conference,
                  Boston, MA, USA},
  year =         2004,
  month =        {June}
}


@InProceedings{Staniford2002,
  author = 	 {Stuart Staniford and Vern Paxson and Nicholas Weaver},
  title = 	 {{How to 0wn the Internet in Your Spare Time}},
  booktitle =	 {Proc. of the 11th USENIX Security Symposium},
  pages =	 {149--167},
  year =	 {2002},
  address =	 {San Francisco, {CA}, {USA}},
  month =        aug
}

@inproceedings{Clark2003,
  author =	 {David D. Clark and Craig Partridge and J. Christopher
                  Ramming and John T. Wroclawski},
  title =	 {{A Knowledge Plane for the Internet}},
  booktitle =	 SIGCOMM03,
  year =	 {2003},
  pages =	 {3--10},
  address =	 {Karlsruhe, Germany}
}

@article{VanRenesse2003,
  author =	 {Robbert {Van Renesse} and Kenneth P. Birman and Werner
                  Vogels},
  title =	 {{Astrolabe: A Robust and Scalable Technology for
                  Distributed System Monitoring, Management, and Data
                  Mining}},
  journal =	 {ACM Trans. Comput. Syst.},
  volume =	 {21},
  number =	 {2},
  year =	 {2003},
  pages =	 {164--206}
}

@InProceedings{VanRenesse2003FuDiCo,
  author =	 {Robert {van Renesse}},
  title =	 {{The Importance of Aggregation}},
  booktitle =	 {Proc. of Future Directions in Distributed
                  Computing},
  year =	 {2003},
  month =	 apr,
  publisher =	 {Springer},
  editor =	 {A. Schiper and A. A. Shvartsman and  H. Weatherspoon and
                  B. Y. Zhao},
  volume =	 {2584},
  series =	 {LNCS},
  address =	 {Heidelberg, Germany},
}

@inproceedings{tag,
  title =	 "{TAG}: A {T}iny {AG}gregation Service for Ad-Hoc
                  Sensor Networks",
  author =	 "Samuel Madden and Michael J. Franklin and Joseph
                  M. Hellerstein and Wei Hong",
  booktitle =	 "Fifth Symposium on Operating Systems Design and
                  Implementation (OSDI '02)",
  month =	 dec,
  year =	 2002,
  address =	 "Boston"
}

@TechReport{Oppenheimer2004,
  author =	 {David Oppenheimer and Jeannie Albrecht and David
                  Patterson and Amin Vahdat},
  title =	 {{Scalable Wide-Area Resource Discovery}},
  institution =	 {University of California Berkeley},
  year =	 {2004},
  type =	 {Technical Report},
  number =	 {CSD-04-1334},
  address =	 {Berkeley, CA, USA},
  OPTmonth =	 {},
  OPTnote =	 {},
  OPTannote =	 {}
}

@InProceedings{Wawrzoniak2003,
  author =	 {Mike Wawrzoniak and Larry Peterson and Timothy Roscoe},
  title =	 {{Sophia: An Information Plane for Networked Systems}},
  booktitle =	 {Proc. of the 2nd Workshop on Hot Topics in
                  Networks},
  address =	 {Cambridge, MA, USA},
  year =	 {2003},
  month =	 nov
}

@inproceedings{Yalagandula2004,
  author =	 {Praveen Yalagandula and Mike Dahlin},
  title =	 {{A Scalable Distributed Information Management
                  System}},
  booktitle =	 SIGCOMM04,
  year =	 {2004},
  month =	 sep,
  address =	 {Portland, OR, USA}
}

@inproceedings{Bharambe2004,
  author =	 {Ashwin R. Bharambe and Mukesh Agrawal and Srinivasan Seshan},
  title =	 {{Mercury: Supporting Scalable Multi-Attribute Range Queries}},
  booktitle =	 SIGCOMM04,
  year =	 {2004},
  month =	 sep,
  address =	 {Portland, OR, USA}
}

@inproceedings{PIER2003,
  author =	 { Ryan Huebsch and Joseph M. Hellerstein and Nick
                  Lanham and Boon Thau Loo and Scott Shenker and Ion
                  Stoica },
  title =	 { Querying the Internet with PIER },
  booktitle =	 vldb03,
  month =	 { September },
  year =	 { 2003 }
}

@inproceedings{Ergun1998,
  author =	 {Funda Erg{\"u}n and Sampath Kannan and S. Ravi Kumar
                  and Ronitt Rubinfeld and Mahesh Viswanathan},
  title =	 {{Spot-checkers}},
  booktitle =	 {Proc. of the Thirtieth Annual ACM Symposium on
                  Theory of Computing},
  year =	 {1998},
  pages =	 {259--268},
  address =	 {Dallas, TX, USA},
}

@Book{Koziol2003,
  author =	 {Jack Koziol},
  title = 	 {{Intrusion Detection with Snort}},
  publisher = 	 {SAMS},
  year = 	 {2003},
  month =	 may
}

@Article{Krishnamurthy2003,
  author =	 {Sailesh Krishnamurthy and Sirish Chandrasekaran and
                  Owen Cooper and Amol Deshpande and Michael J. Franklin
                  and Joseph M. Hellerstein and Wei Hong and Samuel
                  Madden and Fred Reiss and Mehul A. Shah},
  title =	 {{TelegraphCQ: An Architectural Status Report}},
  journal =	 {IEEE Data Engineering Bulletin},
  year =	 {2003},
  OPTkey =	 {},
  volume =	 {26},
  number =	 {1},
  pages =	 {11--18},
  OPTmonth =	 {},
  OPTnote =	 {},
  OPTannote =	 {}
}

@InProceedings{Woodruff1997,
  author =	 {Allison Woodruff and Michael Stonebraker},
  title =	 {{Supporting Fine-Grained Data Lineage in a Database
                  Visualization Environment}},
  OPTcrossref =	 {},
  OPTkey =	 {},
  booktitle =	 {Proceedings of the 13th International Conference on
                  Data Engineering},
  pages =	 {91--102},
  year =	 {1997},
  address =	 {Birmingham, UK},
  month =	 apr,
  OPTorganization ={},
  OPTpublisher = {},
  OPTnote =	 {},
  OPTannote =	 {}
}




@InProceedings{Cui2001,
  author =	 {Yingwei Cui and Jennifer Widom},
  title =	 {{Lineage Tracing for General Data Warehouse
                  Transformations}},
  OPTcrossref =	 {},
  OPTkey =	 {},
  booktitle =	 {Proceedings of 27th International Conference on Very
                  Large Data Bases},
  OPTpages =	 {},
  year =	 {2001},
  OPTeditor =	 {},
  OPTvolume =	 {},
  OPTnumber =	 {},
  OPTseries =	 {},
  address =	 {Rome, Italy},
  month =	 sep,
  OPTorganization ={},
  OPTpublisher = {},
  OPTnote =	 {},
  OPTannote =	 {}
}

@InProceedings{White2002,
  Author =	 {Brian White and Jay Lepreau and Leigh Stoller and
                  Robert Ricci and Shashi Guruprasad and Mac Newbold and
                  Mike Hibler and Chad Barb and Abhijeet Joglekar},
  Title =	 {{An Integrated Experimental Environment for
                  Distributed Systems and Networks}},
  booktitle =	 OSDI02,
  address =	 {Boston, MA, USA},
  month =	 dec,
  year =	 2002,
  pages =	 {255--270}
}


@InProceedings{Bawa2004,
  author = 	 {Mayank Bawa and Aristides Gionis and Hector Garcia-Molina and Rajeev Motwani},
  title = 	 {{The Price of Validity in Dynamic Networks}},
  booktitle =	 {Proceedings of the ACM SIGMOD International Conference on
                  Management of Data},
  year =	 2004,
  address =	 {Paris, France},
  month =	 jun
}

@Article{Gibbons2003,
  author =	 {Phillip B. Gibbons and Brad Karp and Yan Ke and
                  Suman Nath and Srinivasan Seshan},
  title =	 {{IrisNet: An Architecture for a World-Wide Sensor
                  Web}},
  journal =	 {IEEE Pervasive Computing},
  year =	 2003,
  volume =	 2,
  number =	 4,
  month =	 {October-December}
}
@InProceedings{madden_cacq,
  author = 	 {Samuel R. Madden and Mehul A. Shah and Joseph M. Hellerstein}, 
  title = 	 {Continuously Adaptive Continuous Queries over Streams},
  booktitle =	 {Proceedings of the ACM SIGMOD International Conference on
                  Management of Data},
  year =	 2002
}
