@book{Jackson2012,
author = {Jackson, Daniel},
edition = {Revised},
isbn = {0-262-01715-6},
publisher = {MIT Press},
title = {{Software Abstractions: Logic, Language, and Analysis}},
url = {http://softwareabstractions.org/},
year = {2012}
}

@incollection{Apt1988,
author = {Apt, Krzysztof R. and Blair, Howard A. and Walker, Adrian},
booktitle = {Foundations of Deductive Databases and Logic Programming},
editor = {Minker, J.},
pages = {89--148},
publisher = {Morgan Kaufmann},
title = {{Towards a theory of declarative knowledge}},
url = {http://oai.cwi.nl/oai/asset/10404/10404A.pdf},
year = {1988}
}

@inproceedings{Zinn2012,
author = {Zinn, Daniel and Green, Todd J and Lud\"{a}scher, Bertram},
booktitle = {ICDT},
title = {{Win-Move is Coordination-Free (Sometimes)}},
year = {2012}
}

@article{bailis,
 author   = {Peter Bailis and Shivaram Venkataraman and Michael J. Franklin and Joseph M. Hellerstein and Ion Stoica},
 title    = {Probabilistically Bounded Staleness for Practical Partial Quorums},
 journal  = {PVLDB},
 volume   = {5},
 number   = {8},
 year     = {2012},
 pages    = {776--787}
}

@inproceedings{Weiss2009,
author = {Weiss, St\'{e}phane and Urso, Pascal and Molli, Pascal},
booktitle = {ICDCS},
doi = {10.1109/ICDCS.2009.75},
title = {{Logoot: A Scalable Optimistic Replication Algorithm for Collaborative Editing on P2P Networks}},
year = {2009}
}

@article{Weiss2010,
author = {Weiss, St\'{e}phane and Urso, Pascal and Molli, Pascal},
doi = {10.1109/TPDS.2009.173},
journal = {IEEE Transactions on Parallel and Distributed Systems},
number = {8},
pages = {1162--1174},
title = {{Logoot-Undo: Distributed Collaborative Editing System on P2P Networks}},
volume = {21},
year = {2010}
}

@inproceedings{Preguica2009,
author = {Pregui\c{c}a, Nuno and Marques, Joan Manuel and Shapiro, Marc and Letia, Mihai},
booktitle = {ICDCS},
doi = {10.1109/ICDCS.2009.20},
title = {{A Commutative Replicated Data Type for Cooperative Editing}},
url = {http://dx.doi.org/10.1109/ICDCS.2009.20},
year = {2009}
}

@inproceedings{Wang2,
  author =       {Anduo Wang and Limin Jia and Changbin Liu and Boon Thau Loo
                  and Oleg Sokolsky and Prithwish Basu},
  title =        {{Formally Verifiable Networking}},
  booktitle =    {8th Workshop on Hot Topics in Networks (HotNets)},
  year =         2009
}

@article{abiteboul-vianu,
  title =        {{Declarative Updates in Deductive Databases}},
  author =       "Abiteboul, Serge and Vianu, Victor",
  journal =      {Journal of Computer and System Sciences},
  volume =       43,
  pages =        {62--124},
  year =         1991
}

@article{argus,
  author =       {Liskov, Barbara},
  title =        {Distributed programming in {Argus}},
  journal =      {CACM},
  volume =       31,
  issue =        3,
  year =         1988,
  issn =         {0001-0782},
  pages =        {300--312},
  numpages =     13,
  publisher =    {ACM},
  address =      {New York, NY, USA}
}

@article{base,
  author =       {Pritchett, Dan},
  title =        {{BASE: An Acid Alternative}},
  journal =      {ACM Queue},
  volume =       6,
  number =       3,
  year =         2008,
  issn =         {1542-7730},
  pages =        {48--55},
}

@INPROCEEDINGS{bdd-datalog,
  author =       {John Whaley and Dzintars Avots and Michael Carbin and Monica
                  S. Lam},
  title =        {Using {Datalog} with {Binary Decision Diagrams} for {Program
                  Analysis}},
  booktitle =    {Proceedings of Programming Languages and Systems: Third Asian
                  Symposium},
  year =         2005
}

@inproceedings{beyond,
  author =       {Pat Helland},
  title =        {{Life beyond Distributed Transactions: an Apostate's Opinion}},
  booktitle =    {CIDR},
  year =         2007
}

@inproceedings{boom-eurosys,
  Author =       {Alvaro, Peter and Condie, Tyson and Conway, Neil and
                  Elmeleegy, Khaled and Hellerstein, Joseph M. and Sears,
                  Russell C},
  Booktitle =    {EuroSys},
  Title =        {{BOOM Analytics: Exploring Data-centric, Declarative
                  Programming for the Cloud}},
  Year =         2010,
}

@inproceedings{chomicki-infinite,
  author =       {Chomicki, Jan and Imieli\'{n}ski, Tomasz},
  title =        {{Temporal Deductive Databases and Infinite Objects}},
  booktitle =    {PODS},
  year =         1988,
  pages =        {61--73},
}

@inproceedings{committedchoice,
  author =       {Jaffar, Joxan and Yap, Roland H. C. and Zhu, Kenny Q.},
  title =        {{Generalized Committed Choice}},
  booktitle =    {Proceedings of the 9th International Conference on
                  Coordination Models and Languages},
  year =         2007
}

@inproceedings{constructivism,
  author =       {Bry, F.},
  title =        {{Logic Programming as Constructivism: a Formalization and its
                  Application to Databases}},
  booktitle =    {PODS},
  year =         1989,
  isbn =         {0-89791-308-6},
  pages =        {34--50},
  location =     {Philadelphia, Pennsylvania, United States},
  publisher =    {ACM},
  address =      {New York, NY, USA},
}

@inproceedings{dangers,
  author =       {Gray, Jim and Helland, Pat and O'Neil, Patrick and Shasha,
                  Dennis},
  title =        {{The Dangers of Replication and a Solution}},
  booktitle =    {SIGMOD},
  year =         1996
}

@inproceedings{dedalus,
  Author =       {Peter Alvaro and William R. Marczak and Neil Conway and Joseph
                  M. Hellerstein and David Maier and Russell Sears},
  Title =        {{Dedalus: Datalog in Time and Space}},
  booktitle =    {Datalog 2.0},
  Year =         2011,
}

@inproceedings{marczak2012,
    Author = {Marczak, William and Alvaro, Peter and Conway, Neil and Hellerstein, Joseph M. and Maier, David},
    Title = {Confluence Analysis for Distributed Programs: A Model-Theoretic Approach},
    Booktitle = {Datalog 2.0},
    Year = {2012},
    note = {To appear.}
}

@mastersthesis{atul,
    Author = {Atul, Ashima},
    Title = {Compact Implementation of Distributed Inference Algorithms for Network},
    School = {EECS Department, University of California, Berkeley},
    Year = {2009},
    Month = {Mar},
    URL = {http://www.eecs.berkeley.edu/Pubs/TechRpts/2009/EECS-2009-39.html},
    Number = {UCB/EECS-2009-39}
  }
  
  @article{aji,
    title={The generalized distributive law},
    author={Aji, S.M. and McEliece, R.J.},
    journal={Information Theory, IEEE Transactions on},
    volume={46},
    number={2},
    pages={325--343},
    year={2000},
    publisher={IEEE}
  }
  
  @article{beeri,
   author = {Beeri, Catriel and Fagin, Ronald and Maier, David and Yannakakis, Mihalis},
   title = {On the Desirability of Acyclic Database Schemes},
   journal = {J. ACM},
   issue_date = {July 1983},
   volume = {30},
   number = {3},
   month = jul,
   year = {1983},
   issn = {0004-5411},
   pages = {479--513}
  }

@techreport{Shapiro2011a,
  author = {Shapiro, Marc and Pregui\c{c}a, Nuno and Baquero, Carlos and Zawirski, Marek},
  institution =  {INRIA},
  title =        {A Comprehensive Study of Convergent and Commutative Replicated
                  Data Types},
  url =          {http://hal.archives-ouvertes.fr/inria-00555588/},
  year =         2011,
  number =       {RR-7506},
}

  @inproceedings{Shapiro2011b,
  author = {Shapiro, Marc and Pregui\c{c}a, Nuno and Baquero, Carlos and Zawirski, Marek},
  booktitle = {13th International Symposium on Stabilization, Safety, and Security of Distributed Systems},
  title = {Conflict-free Replicated Data Types},
  year = {2011}
  }

@inproceedings{Gifford1979,
  author =       {Gifford, David K.},
  booktitle =    {SOSP},
  isbn =         0897910095,
  title =        {{Weighted voting for replicated data}},
  url =          {http://dl.acm.org/citation.cfm?id=806583},
  year =         1979
}

  
@article{deductivesurvey,
  title =        {{A Survey of Research in Deductive Database Systems}},
  author =       {R. Ramakrishnan and J. Ullman},
  journal =      "Journal of Logic Programming",
  month =        May,
  year =         1995,
  pages =        {125-149},
  abstract =     {The area of deductive databases has matured in recent years,
                  and it now seems appropriate to reflect upon what has been
                  achieved and what the future holds. In this paper, we provide
                  an overview of the area and briefly describe a number of
                  projects that have led to implemented systems.}
}

@article{deductiveupdates,
  title =        {{Declarative Updates in Deductive Databases}},
  author =       "Liu, Mencheng and Cleary, John",
  journal =      {Journal of Computing and Information},
  volume =       1,
  pages =        {1435--1446},
  year =         1994
}

@inproceedings{Oster2006,
author = {Oster, G\'{e}rald and Urso, Pascal and Molli, Pascal and Imine, Abdessamad},
booktitle = {CSCW},
doi = {10.1145/1180875.1180916},
title = {{Data consistency for P2P collaborative editing}},
url = {http://doi.acm.org/10.1145/1180875.1180916},
year = {2006}
}

@inproceedings{demoor,
  author =       {Sereni, Damien and Avgustinov, Pavel and de Moor, Oege},
  title =        {{Adding Magic to an Optimising Datalog Compiler}},
  booktitle =    {SIGMOD},
  year =         2008
}

@inproceedings{Alvaro2012,
author = {Alvaro, Peter and Hutchinson, Andrew and Conway, Neil and Marczak, William R and Hellerstein, Joseph M},
booktitle = {DBTest},
title = {{BloomUnit: Declarative Testing for Distributed Programs}},
year = {2012}
}

@inproceedings{dynamo,
author = {DeCandia, Giuseppe and Hastorun, Deniz and Jampani, Madan and Kakulapati, Gunavardhan and Lakshman, Avinash and Pilchin, Alex and Sivasubramanian, Swaminathan and Vosshall, Peter and Vogels, Werner},
booktitle = {SOSP},
title = {{Dynamo: Amazon's highly available key-value store}},
url = {http://dl.acm.org/citation.cfm?id=1294281},
year = {2007}
}

@INPROCEEDINGS{eventchoice,
  author =       {Antonella Guzzo and Domenico Sacca},
  title =        {{Modelling the Future with Event Choice DATALOG}},
  booktitle =    {Proc. AGP Conference},
  year =         2002,
  pages =        {53--70}
}

@inproceedings{fate-destini,
  Author =       {Haryadi S. Gunawi and others},
  title =        {{FATE and DESTINI: A Framework for Cloud Recovery Testing}},
  booktitle =    "NSDI (to appear)",
  year =         2011
}

@inproceedings{gem,
  author =       {Carlo Zaniolo},
  title =        {The Database Language {GEM}},
  booktitle =    {SIGMOD},
  year =         1983
}

@ARTICLE{glue-nail,
  author =       {Marcia A. Derr and Shinichi Morishita and Geoffrey Phipps},
  title =        {{The Glue-Nail Deductive Database System: Design,
                  Implementation, and Evaluation}},
  journal =      {The VLDB Journal},
  year =         1994,
  volume =       3,
  pages =        {123--160}
}

@inproceedings{greedybychoice,
  author =       {Greco, Sergio and Zaniolo, Carlo and Ganguly, Sumit},
  title =        {{Greedy by Choice}},
  booktitle =    {ACM Symposium on Principles of Database Systems (PODS)},
  year =         1992,
}

@inproceedings{greedychoice,
  author =       {Greco, Sergio and Zaniolo, Carlo},
  title =        {{Greedy Algorithms in Datalog with Choice and Negation}},
  booktitle =    {JICSLP'98: Proceedings of the 1998 Joint International
                  Conference and Symposium on Logic Programming},
  year =         1998,
  isbn =         {0-262-60031-5},
  pages =        {294--309},
  location =     {Manchester, United Kingdom},
  publisher =    {MIT Press},
  address =      {Cambridge, MA, USA},
}

@INPROCEEDINGS{harmful,
  author =       {John G. Cleary and Mark Utting and Roger Clayton},
  title =        {{Data Structures Considered Harmful}},
  booktitle =    {Australasian Workshop on Computational Logic},
  year =         2000
}

@article{ldl,
  author =       {Chimenti, D. and Gamboa, R. and Krishnamurthy, R. and Naqvi,
                  S. and Tsur, S. and Zaniolo, C.},
  title =        {{The LDL System Prototype}},
  journal =      {IEEE Trans. on Knowl. and Data Eng.},
  volume =       2,
  number =       1,
  year =         1990,
  pages =        {76--90},
}

@INPROCEEDINGS{levy,
  author =       {Alon Levy Dept and Alon Levy and Yehoshua Sagiv},
  title =        {{Constraints and Redundancy in Datalog}},
  booktitle =    {In Proceedings of the Eleventh Symposium on Principles of
                  Database Systems (PODS},
  year =         1992
}

@article{linda,
  author =       {Gelernter, David},
  title =        {Generative communication in {Linda}},
  journal =      {ACM Trans. Program. Lang. Syst.},
  volume =       7,
  issue =        1,
  month =        {January},
  year =         1985,
  pages =        {80--112},
  numpages =     33,
}

@inbook{local-strat,
  author =       {Przymusinski, Teodor C.},
  title =        {{On the Declarative Semantics of Deductive Databases and Logic
                  Programs}},
  booktitle =    {{Foundations of Deductive Databases and Logic Programming}},
  pages =        {193--216},
  editor =       {Minker, Jack},
  publisher =    {Morgan Kaufmann},
  address =      {Los Altos, CA},
  year =         1988,
}

@inproceedings{meld,
  Author =       {Michael P. Ashley-Rollman and Peter Lee and Seth Copen
                  Goldstein and Padmanabhan Pillai and Jason D. Campbell},
  Booktitle =    {Proceedings of the International Conference on Logic
                  Programming},
  Title =        {{A Language for Large Ensembles of Independently Executing
                  Nodes}},
  Year =         2009
}

@book{mullender,
  editor =       {Sape Mullender},
  title =        {{Distributed Systems}},
  publisher =    {Addison-Wesley},
  year =         1993,
  edition =      {Second}
}

@article{mumickshmueli,
  Title =        {{How Expressive is Stratified Aggregation?}},
  Journal =      {Annals of Mathematics and Artificial Intelligence},
  Volume =       15,
  Number =       {3-4},
  Month =        Sep,
  year =         1995,
  Pages =        {407-435},
  Author =       "Inderpal Singh Mumick and Oded Shmueli"
}

@inproceedings{navarro,
  Author =       {Juan A. Navarro and Andrey Rybalchenko},
  Bibsource =    {DBLP, http://dblp.uni-trier.de},
  Booktitle =    {PADL},
  Date-Added =   {2009-07-24 17:13:04 -0700},
  Date-Modified ={2009-07-29 00:39:53 -0700},
  Keywords =     {Overlog, P2},
  Pages =        {76-90},
  Title =        {{Operational Semantics for Declarative Networking}},
  Year =         2009
}

@article{netdb,
  author =       {Alvaro, Peter and Condie, Tyson and Conway, Neil and
                  Hellerstein, Joseph M. and Sears, Russell},
  title =        {{I Do Declare: Consensus in a Logic Language}},
  journal =      {SIGOPS Oper. Syst. Rev.},
 volume = {43},
 issue = {4},
 month = {January},
 year = {2010},
 pages = {25--30},
}

@inproceedings{p2,
author = {Loo, Boon Thau and Condie, Tyson and Hellerstein, Joseph M and Maniatis, Petros and Roscoe, Timothy and Stoica, Ion},
booktitle = {SOSP},
title = {Implementing declarative overlays},
url = {http://doi.acm.org/10.1145/1095810.1095818},
year = {2005}
}

@inproceedings{papa-yanna,
  author =       {Papadimitriou, Christos H. and Yannakakis, Mihalis},
  title =        {{Tie-Breaking Semantics and Structural Totality}},
  booktitle =    {ACM Symposium on Principles of Database Systems (PODS)},
  year =         1992,
  Pages =        {16--22},
}

@article{part-time,
  author =       {Lamport, Leslie},
  title =        {{The Part-Time Parliament}},
  journal =      {ACM Transactions on Computer Systems},
  volume =       16,
  number =       2,
  year =         1998,
  pages =        {133--169},
}

@inproceedings{podskey,
  author =       {Hellerstein, Joseph M.},
  title =        {{The Declarative Imperative: Experiences and Conjectures in
                  Distributed Logic}},
  booktitle =    {PODS},
  year =         2010,
  note = {Invited talk.}
}

@article{podskey-sigrec,
 author = {Hellerstein, Joseph M.},
 title = {The declarative imperative: experiences and conjectures in distributed logic},
 journal = {SIGMOD Rec.},
 volume = {39},
 issue = {1},
 month = {September},
 year = {2010},
 pages = {5--19},
} 

@inproceedings{Ameloot2011,
author = {Ameloot, Tom J. and Neven, Frank and {Van den Bussche}, Jan},
booktitle = {PODS},
title = {{Relational transducers for declarative networking}},
url = {http://portal.acm.org/citation.cfm?id=1989284.1989321},
year = {2011}
}

@techreport{Ameloot2011a,
author = {Alvaro, Peter and Ameloot, Tom J and Hellerstein, Joseph M and Marczak, William and den Bussche, Jan},
institution = {EECS Department, University of California, Berkeley},
month = nov,
number = {UCB/EECS-2011-120},
title = {{A Declarative Semantics for Dedalus}},
url = {http://www.eecs.berkeley.edu/Pubs/TechRpts/2011/EECS-2011-120.html},
year = {2011}
}

@inproceedings{postgres-adt,
  author =       {Stonebraker, Michael},
  title =        {{Inclusion of New Types in Relational Data Base Systems}},
  booktitle =    {ICDE},
  year =         1986
}

@inproceedings{prologevents,
  author =       {Zhou, Neng-Fa},
  title =        {{Authoring Graphics-Rich and Interactive Documents in CGLIB --
                  A Constraint-Based Graphics Library}},
  booktitle =    {Proceedings of the 2001 ACM Symposium on Document Engineering},
  year =         2001
}

@article{prz,
  author =       {Przymusinski, T. C.},
  title =        {{On the Declarative Semantics of Deductive Databases and Logic
                  Programs}},
  book =         {Foundations of Deductive Databases and Logic Programming},
  year =         1988,
  isbn =         {0-934613-40-0},
  pages =        {193--216},
  publisher =    {Morgan Kaufmann Publishers Inc.},
  address =      {San Francisco, CA, USA},
}

@article{Balbin1987,
  author =       {Balbin, I. and Ramamohanarao, K.},
  journal =      {Journal of Logic Programming},
  number =       3,
  pages =        {259--262},
  publisher =    {Elsevier},
  title =        {{A generalization of the differential approach to recursive
                  query evaluation}},
  url =
                  {http://www.sciencedirect.com/science/article/pii/0743106687900045},
  volume =       4,
  year =         1987
}

@inproceedings{quicksand,
  author =       {Pat Helland and David Campbell},
  title =        {{Building on Quicksand}},
  booktitle =    {CIDR},
  year =         2009
}

@article{reactors,
  author =       {Field, John and Marinescu, Maria-Cristina and Stefansen,
                  Christian},
  title =        {{Reactors: A Data-Oriented Synchronous/Asynchronous
                  Programming Model for Distributed Applications}},
  journal =      {Theoretical Computer Science},
  volume =       410,
  number =       {2-3},
  year =         2009,
 month = {February},
}

@inproceedings{ross-modular,
  author =       {Ross, Kenneth A.},
  title =        {Modular stratification and magic sets for {DATALOG} programs
                  with negation},
  booktitle =    {PODS},
  year =         1990
}

@inproceedings{ross-strat,
  author =       {Ross, Kenneth A.},
  title =        {A syntactic stratification condition using constraints},
  booktitle =    {International Symposium on Logic Programming},
  year =         1994,
  pages =        {76--90},
}

@INPROCEEDINGS{ross-syntactic,
  author =       {Kenneth Ross},
  title =        {{A Syntactic Stratification Condition Using Constraints}},
  booktitle =    {Proceedings of the International Symposium on Logic
                  Programming},
  year =         1994,
  pages =        {76--90}
}

@inproceedings{sacca-zaniolo,
  author =       {Sacc\`{a}, Domenico and Zaniolo, Caro},
  title =        {{Stable Models and Non-Determinism in Logic Programs with
                  Negation}},
  booktitle =    {ACM Symposium on Principles of Database Systems (PODS)},
  year =         1990,
  pages =        {205--217},
}

@inproceedings{sagas,
  author =       {Hector Garcia-Molina and Kenneth Salem},
  title =        {Sagas},
  booktitle =    {SIGMOD},
  year =         1987
}

@book{scheme,
  editor =       {Harold Abelson and Gerald Jay Sussman},
  title =        {{Structure and Interpretation of Computer Programs}},
  publisher =    {McGraw Hill},
  year =         1996,
  edition =      {Second}
}

@article{sd3,
  author =       {Trevor Jim},
  title =        {{SD3: A Trust Management System with Certified Evaluation}},
  journal =      {Security and Privacy, IEEE Symposium on},
  volume =       0,
  year =         2001,
  issn =         {1540-7993},
  pages =        0106,
  publisher =    {IEEE Computer Society},
  address =      {Los Alamitos, CA, USA},
}

@INPROCEEDINGS{starlog,
  author =       {Lunjin Lu and John G. Cleary},
  title =        {{An Operational Semantics of Starlog}},
  booktitle =    {Principles and Practice of Declarative Programming},
  year =         1999
}

@inproceedings {statelog,
  author =       "Georg Lausen, Bertram Lud$\ddot{a}$scher, Wolfgang May",
  booktitle =    "Transactions and Change in Logic Databases",
  pages =        "69-106",
  title =        {{On Active Deductive Databases: The Statelog Approach}},
  year =         1998,
}

@inproceedings{supersafety,
  author =       {Kifer, Michael and Ramakrishnan, Raghu and Silberschatz, Avi},
  title =        {{An Axiomatic Approach to Deciding Query Safety in Deductive
                  Databases}},
  booktitle =    {PODS '88: Proceedings of the seventh ACM SIGACT-SIGMOD-SIGART
                  symposium on Principles of database systems},
  year =         1988,
  isbn =         {0-89791-263-2},
  pages =        {52--60},
  location =     {Austin, Texas, United States},
  publisher =    {ACM},
  address =      {New York, NY, USA},
}

@article{tag,
  author =       {Madden, Samuel and Franklin, Michael J. and Hellerstein,
                  Joseph M. and Hong, Wei},
  title =        {{TAG: a Tiny AGgregation Service for Ad-Hoc Sensor Networks}},
  journal =      {SIGOPS Operating Systems Review},
  volume =       36,
  number =       {SI},
  year =         2002,
  issn =         {0163-5980},
  pages =        {131--146},
  publisher =    {ACM},
  address =      {New York, NY, USA},
}

@article{taint,
  author =       "Sabelfeld, A. and Myers, A.C.",
  title =        {{Language-Based Information-Flow Security}},
  journal =      {Selected Areas in Communications},
  volume =       21,
  number =       1,
  year =         2003,
  pages =        "5--19"
}

@inproceedings{tccp,
  author =       {Vijay A. Saraswat and Radha Jagadeesan and Vineet Gupta},
  title =        {{Foundations of Timed Concurrent Constraint Programming}},
  booktitle =    {LICS},
  year =         1994,
  pages =        {71--80},
  bibsource =    {DBLP, http://dblp.uni-trier.de}
}

@article{tdccp,
  author =       {Saraswat, Vijay and Jagadeesan, Radha and Gupta, Vineet},
  title =        {{Timed Default Concurrent Constraint Programming}},
  journal =      {Journal of Symbolic Computation},
  volume =       22,
  number =       {5-6},
  year =         1996,
  pages =        {475--520},
}

@article{timeclocks,
  author =       {Lamport, Leslie},
  title =        {{Time, Clocks, and the Ordering of Events in a Distributed
                  System}},
  journal =      {Communications of the ACM},
  volume =       21,
  number =       7,
  year =         1978,
  pages =        {558--565},
  publisher =    {ACM},
}

@article{tla,
  title =        {{The Temporal Logic of Actions}},
  author =       {Leslie Lamport},
  journal =      {ACM Toplas},
  volume =       16,
  number =       3,
  month =        May,
  year =         1994,
  pages =        "872-923"
}

@article{udatalog-neg,
  author =       {Bertino, Elisa and Catania, Barbara and Gori, Roberta},
  title =        {{Enhancing the Expressive Power of the U-Datalog Language}},
  journal =      {Theory and Practice of Logic Programming},
  volume =       1,
  number =       1,
  year =         2001,
  pages =        {105--122},
}

@book{ullmanbook,
  author =       {Ullman, Jeffrey D.},
  title =        {{Principles of Database and Knowledge-Base Systems: Volume II:
                  The New Technologies}},
  year =         1990,
  publisher =    {W. H. Freeman \& Co.},
}

@article{vogels,
  title =        {{Eventually Consistent}},
  author =       {Werner Vogels},
  journal =      {CACM},
  volume =       52,
  number =       1,
  pages =        {40--44},
  year =         2009,
  publisher =    {ACM}
}

@inproceedings{wang,
  author =       {Wang, Anduo and Basu, Prithwish and Loo, Boon Thau and
                  Sokolsky, Oleg},
  title =        {{Declarative Network Verification}},
  booktitle =    {PADL '09: Proceedings of the 11th International Symposium on
                  Practical Aspects of Declarative Languages},
  year =         2009
}

@inproceedings{weak-strat,
  author =       {Przymusinska, Halina and Przymusinksi, Teodor C.},
  title =        {{Weakly Perfect Model Semantics for Logic Programs}},
  booktitle =    {Fifth International Conference Symposium on Logic Programming},
  pages =        {1106-1122},
  year =         1988,
}

@ARTICLE{wellfounded,
  author =       {Allen Van Gelder and Kenneth A. Ross and John S. Schlipf},
  title =        {{The Well-Founded Semantics for General Logic Programs}},
  journal =      {Journal of the ACM},
  year =         1991,
  volume =       38,
  pages =        {620--650}
}

@book{widom1996active,
  title =        {{Active database systems: Triggers and rules for advanced
                  database processing}},
  author =       {Widom, J. and Ceri, S.},
  year =         1996,
  publisher =    {Morgan Kaufmann}
}

@inproceedings{ycsb,
  author =       {Brian F. Cooper and Adam Silberstein and Erwin Tam and Raghu
                  Ramakrishnan and Russell Sears},
  title =        {Benchmarking cloud serving systems with {YCSB}},
  booktitle =    {SoCC},
  year =         2010,
  pages =        {143-154}
}

@inproceedings{leases,
	 author = {Gray, C. and Cheriton, D.},
	 title = {Leases: an efficient fault-tolerant mechanism for distributed file cache consistency},
	 booktitle = {SOSP},
	 year = {1989}
	}
	
@inproceedings{bayou,
	 author = {Terry, D. B. and Theimer, M. M. and Petersen, Karin and Demers, A. J. and Spreitzer, M. J. and Hauser, C. H.},
	 title = {Managing update conflicts in {Bayou}, a weakly connected replicated storage system},
	 booktitle = {SOSP},
	 year = {1995}
	}

@inproceedings{Reiher1994,
author = {Reiher, Peter and Heidemann, John and Ratner, David and Skinner, Greg and Popek, Gerald},
booktitle = {USENIX Summer Conference},
title = {{Resolving file conflicts in the Ficus file system}},
year = {1994}
}


@inproceedings{coherence,
  author = {Jonathan Edwards},
  title = {{Coherent Reaction}},
  booktitle = {OOPSLA},
  year = 2009
}

@inproceedings{secureblox,
 author = {Marczak, William R. and Huang, Shan Shan and Bravenboer, Martin and Sherr, Micah and Loo, Boon Thau and Aref, Molham},
 title = {SecureBlox: customizable secure distributed data processing},
 booktitle = {SIGMOD},
 year = 2010
}

@inproceedings{loo-sigmod06,
  author = {Loo, Boon Thau and Condie, Tyson and Garofalakis, Minos and Gay, David E. and Hellerstein, Joseph M. and Maniatis, Petros and Ramakrishnan, Raghu and Roscoe, Timothy and Stoica, Ion},
  title = {{Declarative Networking: Language, Execution and Optimization}},
  booktitle = {ACM SIGMOD},
  year = {2006},
  location = {Chicago, IL, USA},
  doi = {http://doi.acm.org/10.1145/1142473.1142485},
  address = {New York, NY, USA},
}

@article{cacm,
 author = {Loo, Boon Thau and Condie, Tyson and Garofalakis, Minos and Gay, David E. and Hellerstein, Joseph M. and Maniatis, Petros and Ramakrishnan, Raghu and Roscoe, Timothy and Stoica, Ion},
 title = {Declarative networking},
 journal = {Commun. ACM},
 issue_date = {November 2009},
 volume = {52},
 number = {11},
 month = nov,
 year = {2009},
 issn = {0001-0782},
 pages = {87--95},
 numpages = {9}
}

@inproceedings{chu,
  author    = {David Chu and
               Joseph M. Hellerstein},
  title     = {Automating rendezvous and proxy selection in sensornets},
  booktitle = {IPSN},
  year      = {2009},
  pages     = {73-84}
}

@article{evita,
 author = {Condie, Tyson and Chu, David and Hellerstein, Joseph M. and Maniatis, Petros},
 title = {Evita raced: metacompilation for declarative networks},
 journal = {Proc. VLDB Endow.},
 issue_date = {August 2008},
 volume = {1},
 number = {1},
 month = aug,
 year = {2008},
 pages = {1153--1165},
 numpages = {13}
}

@misc{bloom-website,
  title =        {Bloom programming language},
  howpublished = {\url{http://www.bloom-lang.org}},
  key =          {Bloom}
}

@misc{bud-sandbox,
  title = {Bud sandbox},
  howpublished = {\url{https://github.com/bloom-lang/bud-sandbox}},
  key = {Bud sandbox}
}

@misc{langnext12,
  title = {Bloom: Disorderly Programming for a Distributed World},
  author = {Peter Alvaro},
  howpublished = {\url{http://bit.ly/bloom-lang-next-talk-2012}},
  year = 2012,
  month = Apr,
  note = {Public talk at Microsoft Lang.Next conference, Seattle.}
}

@misc{goto11,
  title = {Bloom: Using disorderly programming to build eventually-consistent distributed systems},
  author = {William R. Marczak},
  howpublished = {\url{http://bit.ly/bloom-goto-talk-2011}},
  year = 2011,
  month = Oct,
  note = {Public talk at Goto Conference, Aarhus.}
}

@misc{basho12,
  author = {Neil Conway},
  title = {Logic and Lattices for Distributed Programming},
  howpublished = {\url{http://bit.ly/bloom-basho-talk-2012}},
  year = 2012,
  month = Jun,
  note = {Public talk at BashoChats meetup, San Francisco.}
}

@misc{datawrangler,
  title = {DataWrangler},
  howpublished = {\url{http://vis.stanford.edu/wrangler/}},
  year = 2011,
  key = {DataWrangler}
}

@misc{tr10,
  author = {MIT Technology Review},
  title = {{TR10 Emerging Technologies: Cloud Programming}},
  howpublished = {\url{http://bit.ly/mit-tr10-bloom-2010}},
  year = 2010
}

@book{distributedbook,
 editor = {Mullender, Sape},
 title = {Distributed Systems},
 year = {1994},
 publisher = {Addison-Wesley},
 isbn = {0201624273},
 edition = {Second}
}

@inproceedings{Chandrasekaran2003,
author = {Chandrasekaran, Sirish and Cooper, Owen and Deshpande, Amol and Franklin, Michael J and Hellerstein, Joseph M and Hong, Wei and Krishnamurthy, Sailesh and Madden, Samuel and Raman, Vijayshankar and Reiss, Frederick and Shah, Mehul A},
booktitle = {CIDR},
title = {{TelegraphCQ: Continuous Dataflow Processing for an Uncertain World}},
year = {2003}
}

@inproceedings{finkelstein2011,
  author    = {Shel Finkelstein and
               Thomas Heinzel and
               Rainer Brendle and
               Ike Nassi and
               Heinz Ulrich Roggenkemper},
  title     = {Transactional Intent},
  booktitle = {CIDR},
  year      = {2011}
}

@inproceedings{Abiteboul2011,
 author = {Abiteboul, Serge and Bienvenu, Meghyn and Galland, Alban and Antoine, \'{E}milien},
 title = {A rule-based language for web data management},
 booktitle = {PODS},
 year = {2011}
} 

@techreport{bloom-lattice-tr,
author = {Conway, Neil and Marczak, William R and Alvaro, Peter and Hellerstein, Joseph M and Maier, David},
institution = {EECS Department, University of California, Berkeley},
month = jun,
number = {UCB/EECS-2012-167},
title = {{Logic and Lattices for Distributed Programming}},
url = {http://www.eecs.berkeley.edu/Pubs/TechRpts/2012/EECS-2012-167.html},
year = {2012}
}

