@InProceedings{gfs,
  author =       {Sanjay Ghemawat and Howard Gobioff and Shun-Tak
                  Leung},
  title =        {The {Google} file system},
  booktitle =    {Proceedings of the 19th ACM Symposium on Operating
                  System Principles},
  pages =        {29--43},
  year =         2003,
}

@article{network-data-indep,
  author =       {Joseph M. Hellerstein},
  title =        {Toward network data independence},
  journal =      {SIGMOD Record},
  volume =       32,
  number =       3,
  year =         2003,
  issn =         {0163-5808},
  pages =        {34--40}
}

@InProceedings{paxos-made-live,
  author =       {Tushar D. Chandra and Robert Griesemer and Joshua
                  Redstone},
  year =         2007,
  title =        {Paxos made live: an engineering perspective},
  pages =        {398--407},
  booktitle =    {Proceedings of the 26th Annual ACM Symposium on
                  Principles of Distributed Computing},
}

@article{paxos-made-simple,
  author =       {Leslie Lamport},
  journal =      {ACM SIGACT News},
  month =        {December},
  number =       4,
  pages =        {18--25},
  title =        {{P}axos Made Simple},
  volume =       32,
  year =         2001
}
