@inproceedings{mapreduce-osdi,
  author =       {Jeffrey Dean and Sanjay Ghemawat},
  title =        {{MapReduce}: Simplified Data Processing on Large
                  Clusters},
  booktitle =    {OSDI},
  pages =        {137--150},
  year =         2004
}

@inproceedings{verification,
 author = {Wang, Anduo and Basu, Prithwish and Loo, Boon Thau and Sokolsky, Oleg},
 title = {Declarative Network Verification},
 booktitle = {PADL '09: Proceedings of the 11th International Symposium on Practical Aspects of Declarative Languages},
 year = {2009},
 isbn = {978-3-540-92994-9},
 pages = {61--75},
 location = {Savannah, GA},
 doi = {http://dx.doi.org/10.1007/978-3-540-92995-6_5},
 publisher = {Springer-Verlag},
 address = {Berlin, Heidelberg},
 }



@inproceedings{loo-sigcomm05,
  title =	 {{Declarative Routing: Extensible Routing with
                  Declarative Queries}},
  author =	 "Boon Thau Loo and Joseph M. Hellerstein and Ion Stoica
                  and Raghu Ramakrishnan",
  booktitle =	 "SIGCOMM",
  year =	 "2005"
}

@techreport{dedalus-tr,
  Author =       {Peter Alvaro and William R. Marczak and Neil Conway and Joseph M. Hellerstein and David Maier and Russell Sears},
  Title =        {Dedalus: {Datalog} in Time and Space},
  Institution =  {EECS Department, University of California, Berkeley},
  Year =         2009,
  Month =        {Dec},
  Number =       {UCB/EECS-2009-173},
}

@inproceedings{boom-eurosys,
  Author =       {Peter Alvaro and Tyson Condie and Neil Conway and Khaled Elmeleegy and Joseph M. Hellerstein and Russell Sears},
  Title =        {{BOOM Analytics}: Exploring Data-Centric, Declarative Programming for the Cloud},
  booktitle = {EuroSys},
  Year =         2010,
}


@inproceedings{loo-sosp05,
  title =	 {{Implementing Declarative Overlays}},
  author =	 "Boon Thau Loo and Tyson Condie and Joseph
                  M. Hellerstein and Petros Maniatis and Timothy Roscoe
                  and Ion Stoica",
  booktitle =	 "SOSP",
  year =	 2005
}


@inproceedings{loo-sigmod06,
  title =	 {{Declarative Networking: Language, Execution and Optimization}},
  author =	 "Boon Thau Loo and Tyson Condie and Minos Garofalakis
                  and David E. Gay and Joseph M. Hellerstein and Petros
                  Maniatis and Raghu Ramakrishnan and Timothy Roscoe and
                  Ion Stoica",
  booktitle =	 "SIGMOD",
  year =	 "2006"
}

@InProceedings{chu-sensys07,
  author = 	 {David Chu and Lucian Popa and Arsalan Tavakoli and Joseph Hellerstein and Philip Levis and Scott Shenker and Ion Stoica},
  title = 	 {{The Design and Implementation of a Declarative Sensor Network System}},
  OPTcrossref =  {},
  OPTkey = 	 {},
  booktitle =	 {SenSys},
  OPTpages = 	 {},
  year =	 {2007},
  OPTeditor = 	 {},
  OPTvolume = 	 {},
  OPTnumber = 	 {},
  OPTseries = 	 {},
  OPTaddress = 	 {},
  OPTmonth = 	 {},
  OPTorganization = {},
  OPTpublisher = {},
  OPTnote = 	 {},
  OPTannote = 	 {}
}

@inproceedings{lam05context,
  author = {Monica S. Lam and John Whaley and V.~Benjamin Livshits and
            Michael C. Martin and Dzintars Avots and Michael Carbin and
            Christopher Unkel},
  title = {{Context-Sensitive Program Analysis as Database Queries}},
  booktitle = {PODS},
  year = {2005},
}

@inproceedings{white-sigmod07,
 author = {Walker White and Alan Demers and Christoph Koch and Johannes Gehrke and Rajmohan Rajagopalan},
 title = {Scaling games to epic proportions},
 booktitle = {SIGMOD},
 year = {2007}
}

@InProceedings{eisner-goldlust-smith-2005,
  author =       {Eisner, Jason  and  Goldlust, Eric  and  Smith, Noah A.},
  title =        {Compiling Comp Ling: Weighted Dynamic Programming and the
                  {D}yna Language}, 
  booktitle =    {Proc. Human Language Technology Conference and
                  Conference on Empirical Methods in Natural Language
                  Processing (HLT-EMNLP)}, 
  year =         2005
  }
  
  @inproceedings{li-padl03,
    author =	 "N. Li and J.C. Mitchell",
    title =	 {{Datalog with Constraints: A Foundation for
                    Trust-management Languages}},
    booktitle =	 "International Symposium on Practical Aspects of
                    Declarative Languages",
    year =	 2003
  }

  @inproceedings{shen-vldb07,
      author="Warren Shen and AnHai Doan and Jeffrey F. Naughton and Raghu Ramakrishnan",
      title="Declarative Information Extraction Using Datalog with Embedded Extraction Predicates",
      booktitle="VLDB",
      year=2007
  }
  @inproceedings{ashley-iros07,
    author =	 {Ashley-Rollman, Michael P. and De Rosa, Michael and
                    Srinivasa, Siddhartha S. and Pillai, Padmanabhan and
                    Goldstein, Seth Copen and Campbell, Jason D.},
    title =	 {{Declarative Programming for Modular Robots}},
    booktitle =	 {Workshop on Self-Reconfigurable Robots/Systems and
                    Applications},
    year =	 {2007},
  }

  @book{ullmanbook,
   author = {Jeffrey D. Ullman},
   title = {Principles of Database and Knowledge-Base Systems: Volume II: The New Technologies},
   year = {1990},
   isbn = {071678162X},
   publisher = {W. H. Freeman \& Co.},
   address = {New York, NY, USA},
   }

   @inproceedings{mapreduce,
   title="Map{R}educe: {S}implified Data Processing on Large Clusters",
   author="Jeffrey Dean and Sanjay Ghemawat",
   booktitle ="Proceedings International Conference on Operating Systems
                     Design and Implementation",
   year=2004
   }

   @inproceedings{ross92monotonic,
    author = {Kenneth A. Ross and Yehoshua Sagiv},
    title = {Monotonic aggregation in deductive databases},
    booktitle = {PODS},
    year = {1992}
    }

    @article{greco99,
    author="Sergio Greco",
    title="Dynamic Programming in Datalog with Aggregates",
    journal = "IEEE Trans. Knowl. Data Eng.",
    volume=11, number=2, pages="265--283", year= 1999
    }

    @article{grayturing,
      author    = {Jim Gray},
      title     = {What Next? A Few Remaining Problems in Information Technology},
        note={ACM Turing Award Lecture, Video},
      journal   = {ACM SIGMOD Digital Symposium Collection},
      volume    = {2},
      number    = {2},
      year      = {2000}
          }
          
  @article{lampsonjacm,
   author = {Butler Lampson},
   title = {Getting computers to understand},
   journal = {J. ACM},
   volume = {50},
   number = {1},
   year = {2003},
   pages = {70--72}
   }
   
  @techreport{berkeleyview,
  title="The Landscape of Parallel Computing Research: A View from {Berkeley}",
  author="Krste Asanovic and Ras Bodik and Bryan Christopher Catanzaro and Joseph James Gebis and Parry Husbands and Kurt Keutzer and David A. Patterson and William Lester Plishker and John Shalf and Samuel Webb Williams and Katherine A. Yelick",
  institution="EECS Department, University of California, Berkeley",
  Number="UCB/EECS-2006-183",
  month=dec,
  year=2006
  } 
  
  @article{graydewitt,
   author = {David DeWitt and Jim Gray},
   title = {Parallel database systems: the future of high performance database systems},
   journal = {Commun. ACM},
   volume = {35},
   number = {6},
   year = {1992},
   pages = {85--98}
   }
   
   @article{junctiontree,
   journal="IEEE Transactions on Information Theory", 
   volume=46, 
   number=2, 
   month=mar, 
   year=2000,
   title="The Generalized Distributive Law",
   author="Srinivas M. Aji and Robert J. McEliece"
   }
   
   @inproceedings{amol-pdb,
   title="Representing and Querying Correlated Tuples in Probabilistic Databases",
   author="Prithviraj Sen and Amol Deshpande",
   booktitle="International Conference on Data Engineering",
   year=2007
   }






@inproceedings{evitaraced,
  author =       {Condie, Tyson and others},
  title =        {{Evita Raced}: metacompilation for declarative
                  networks},
  booktitle =    {VLDB},
  year =         2008
}


@inproceedings{netdb,
  title =	 {{I Do Declare: Consensus in a Logic Language}},
  author =	 "Peter Alvaro and Tyson Condie and Neil Conway and Joseph M. Hellerstein and Russell Sears",
  booktitle =	 "Proceedings of the SOSP Workshop on Networking Meets Databases",
  year =	 "2009"
}


@inproceedings{cardan,
 author = {P\'{e}rez, Juan Antonio and Rybalchenko, Andrey and Singh, Atul},
 title = {Cardinality Abstraction for Declarative Networking Applications},
 booktitle = {Proceedings of the 21st International Conference on Computer Aided Verification},
 year = {2009},
 isbn = {978-3-642-02657-7},
 pages = {584--598},
 location = {Grenoble, France},
 doi = {http://dx.doi.org/10.1007/978-3-642-02658-4_43},
 }

@INPROCEEDINGS{armc,
    author = {Andreas Podelski and Andrey Rybalchenko},
    title = {{ARMC}: the logical choice for software model checking with abstraction refinement},
    booktitle = {PADL},
    year = {2007},
    publisher = {Springer}
}

@article{tla,
 title = {The Temporal Logic of Actions},
 author = {Leslie Lamport},
 journal = {ACM Toplas},
 volume = 16,
 number = 3,
 month = May,
 year = 1994,
 pages = "872-923"
}


@MISC{tlc,
    author = {Yuan Yu and Panagiotis Manolios},
    title = {Model Checking TLA+ Specifications},
    year = {1999}
}