@techreport{boom-techr,
  Author =       {Peter Alvaro and others},
  Title =        {{BOOM}: Data-Centric Programming in the Datacenter},
  Institution =  {EECS Department, University of California, Berkeley},
  Year =         2009,
  Month =        {Jul},
  Number =       {UCB/EECS-2009-113},
}


@MISC{greedychoice,
    author = {Sergio Greco and Carlo Zaniolo},
    title = {Greedy Algorithms in Datalog with Choice and Negation},
    year = {1998}
}

@INPROCEEDINGS{eventchoice,
    author = {Antonella Guzzo and Domenico Sacca},
    title = {Modelling the Future with Event Choice DATALOG},
    booktitle = {Proc. AGP Conference},
    year = {2002},
    pages = {53--70}
}

@book{ullmanbook,
  author =       {Jeffrey D. Ullman},
  title =        {Principles of Database and Knowledge-Base Systems:
                  Volume II: The New Technologies},
  year =         1990,
}

@article{boon,
 author = {Loo, Boon Thau and Condie, Tyson and Hellerstein, Joseph M. and Maniatis, Petros and Roscoe, Timothy and Stoica, Ion},
 title = {Implementing declarative overlays},
 journal = {SIGOPS Oper. Syst. Rev.},
 volume = {39},
 number = {5},
 year = {2005},
 issn = {0163-5980},
 pages = {75--90},
 doi = {http://doi.acm.org/10.1145/1095809.1095818},
 publisher = {ACM},
 address = {New York, NY, USA},
 }


@article{prz,
 author = {Przymusinski, T. C.},
 title = {On the declarative semantics of deductive databases and logic programs},
 book = {Foundations of deductive databases and logic programming},
 year = {1988},
 isbn = {0-934613-40-0},
 pages = {193--216},
 publisher = {Morgan Kaufmann Publishers Inc.},
 address = {San Francisco, CA, USA},
 }


@misc{deductiveupdates,
  title =        "Declarative Updates in Deductive Databases",
  author =       "Liu, Mencheng and Cleary, John",
  note =         "\smallurl{http://dspace.ucalgary.ca/bitstream/1880/45841/2/1993-500-05.pdf}",
  year =         1998
}


@ARTICLE{glue-nail,
    author = {Marcia A. Derr and Shinichi Morishita and Geoffrey Phipps},
    title = {The Glue-Nail Deductive Database System: Design, Implementation, and Evaluation},
    journal = {The VLDB Journal},
    year = {1994},
    volume = {3},
    pages = {123--160}
}

@article{ldl,
 author = {Chimenti, D. and Gamboa, R. and Krishnamurthy, R. and Naqvi, S. and Tsur, S. and Zaniolo, C.},
 title = {The LDL System Prototype},
 journal = {IEEE Trans. on Knowl. and Data Eng.},
 volume = {2},
 number = {1},
 year = {1990},
 issn = {1041-4347},
 pages = {76--90},
 doi = {http://dx.doi.org/10.1109/69.50907},
 publisher = {IEEE Educational Activities Department},
 address = {Piscataway, NJ, USA},
 }

@INPROCEEDINGS{harmful,
    author = {John G. Cleary and Mark Utting and Roger Clayton},
    title = {Data Structures Considered Harmful},
    booktitle = {In Australasian Workshop on Computational Logic},
    year = {2000}
}



@INPROCEEDINGS{starlog,
    author = {Lunjin Lu and John G. Cleary},
    title = {An Operational Semantics of Starlog},
    booktitle = {Proc. Principles and Practice of Declarative Programming},
    year = {1999},
    pages = {131--162},
    publisher = {Springer-Verlag}
}

@inproceedings{loo-sigmod06,
  author =       {Loo, Boon Thau and others},
  title =        {Declarative networking: language, execution and
                  optimization},
  booktitle =    {SIGMOD},
  year =         2006
}

@inproceedings{meld,
  author =       {Ashley-Rollman, Michael P. and others},
  title =        {{Declarative Programming for Modular Robots}},
  booktitle =    {Workshop on Self-Reconfigurable Robots/Systems and
                  Applications},
  year =         2007,
}

@inproceedings{p2,
  title =        {Implementing Declarative Overlays},
  author =       "Boon Thau Loo and others",
  booktitle =    "SOSP",
  year =         2005
}


@inproceedings{navarro,
	        Author = {Juan A. Navarro and Andrey Rybalchenko},
	        Bibsource = {DBLP, http://dblp.uni-trier.de},
	        Booktitle = {PADL},
	        
	        Date-Added = {2009-07-24 17:13:04 -0700},
	        Date-Modified = {2009-07-29 00:39:53 -0700},
	        Keywords = {Overlog, P2},
	        Pages = {76-90},
	        Title = {Operational Semantics for Declarative Networking},	        Year = {2009}

}