@ARTICLE{immerman-ptime,
    author = {Neil Immerman},
    title = {{Relational Queries Computable in Polynomial Time}},
    journal = {Information and Control},
    year = {1986},
    volume = {68},
    pages = {86--104}
}

@inproceedings{vardi-ptime,
 author = {Vardi, Moshe Y.},
 title = {{The Complexity of Relational Query Languages}},
 booktitle = {Symposium on Theory of Computing},
 year = {1982},
 pages = {137--146},
} 


@article{undecidable-datalog,
 author = {Gaifman, Haim and Mairson, Harry and Sagiv, Yehoshua and Vardi, Moshe Y.},
 title = {{Undecidable Optimization Problems for Database Logic Programs}},
 journal = {Journal of the ACM},
 volume = {40},
 issue = {3},
 month = {July},
 year = {1993},
 pages = {683--713},
} 

@incollection{tdd,
  author    = {Marianne Baudinet and
               Jan Chomicki and
               Pierre Wolper},
  title     = {{Temporal Deductive Databases}},
  booktitle = {Temporal Databases},
  year      = {1993},
  pages     = {294-320},
}

@inproceedings{tdd-infinite,
 author = {Chomicki, Jan and Imieli\'{n}ski, Tomasz},
 title = {{Temporal Deductive Databases and Infinite Objects}},
 booktitle = {PODS '88},
 year = {1988},
 pages = {61--73},
} 


@INPROCEEDINGS{stable-model,
    author = {Michael Gelfond and Vladimir Lifschitz},
    title = {{The Stable Model Semantics For Logic Programming}},
    booktitle = {ICLP/SLP},
    year = {1988},
    pages = {1070--1080},
}

@inproceedings{datalog-agg,
   author = {Consens, Mariano and Mendelzon, Alberto},
   title = {{Low Complexity Aggregation in GraphLog and Datalog}},
   booktitle = {ICDT '09},
   pages = {379-394},
   volume = {470},
   url = {http://dx.doi.org/10.1007/3-540-53507-1_90},
   year = {1990}
}

@techreport{declarative-imperative,
    Author = {Hellerstein, Joseph M.},
    Title = {{The Declarative Imperative: Experiences and Conjectures in Distributed Logic}},
    Institution = {EECS Department, University of California, Berkeley},
    Year = {2010},
    Month = {Jun},
    URL = {http://www.eecs.berkeley.edu/Pubs/TechRpts/2010/EECS-2010-90.html},
    Number = {UCB/EECS-2010-90},
}

@article{mumickshmueli,
  Title={How expressive is stratified aggregation?},
  Journal={Annals of Mathematics and Artificial Intelligence},
  Volume=15, 
	Number={3-4},
	Month=Sep, 
	year=1995,
	Pages={407-435},
  Author="Inderpal Singh Mumick  and Oded Shmueli"
}

@techreport{boom-techr,
   Author = {Alvaro, Peter and Condie, Tyson and Conway, Neil and Elmeleegy, Khaled and Hellerstein, Joseph M. and Sears, Russell C},
   Title = {{BOOM: Data-Centric Programming in the Datacenter}},
   Institution = {EECS Department, University of California, Berkeley},
   Year = {2009},
   Month = {Jul},
   URL = {http://www.eecs.berkeley.edu/Pubs/TechRpts/2009/EECS-2009-113.html},
   Number = {UCB/EECS-2009-113},
}


@inproceedings{greedychoice,
    author = {Greco, Sergio and Zaniolo, Carlo},
    title = {{Greedy Algorithms in Datalog with Choice and Negation}},
    booktitle = {JICSLP'98: Proceedings of the 1998 Joint International Conference and Symposium on Logic Programming},
    year = {1998},
    isbn = {0-262-60031-5},
    pages = {294--309},
    location = {Manchester, United Kingdom},
    publisher = {MIT Press},
    address = {Cambridge, MA, USA},
}

@INPROCEEDINGS{eventchoice,
    author = {Antonella Guzzo and Domenico Sacca},
    title = {{Modelling the Future with Event Choice DATALOG}},
    booktitle = {Proc. AGP Conference},
    year = {2002},
    pages = {53--70}
}

@book{ullmanbook,
   author = {Ullman, Jeffrey D.},
   title = {{Principles of Database and Knowledge-Base Systems: Volume II: The New Technologies}},
   year = {1990},
   isbn = {071678162X},
   publisher = {W. H. Freeman \& Co.},
   address = {New York, NY, USA},
}

@article{boon,
 author = {Loo, Boon Thau and Condie, Tyson and Hellerstein, Joseph M. and Maniatis, Petros and Roscoe, Timothy and Stoica, Ion},
 title = {{Implementing Declarative Overlays}},
 journal = {SIGOPS Oper. Syst. Rev.},
 volume = {39},
 number = {5},
 year = {2005},
 issn = {0163-5980},
 pages = {75--90},
 doi = {http://doi.acm.org/10.1145/1095809.1095818},
 publisher = {ACM},
 address = {New York, NY, USA},
 }


@article{prz,
 author = {Przymusinski, T. C.},
 title = {{On the Declarative Semantics of Deductive Databases and Logic Programs}},
 book = {Foundations of Deductive Databases and Logic Programming},
 year = {1988},
 isbn = {0-934613-40-0},
 pages = {193--216},
 publisher = {Morgan Kaufmann Publishers Inc.},
 address = {San Francisco, CA, USA},
 }


@article{deductiveupdates,
  title =        {{Declarative Updates in Deductive Databases}},
  author =       "Liu, Mencheng and Cleary, John",
  journal = {Journal of Computing and Information},
  volume = 1,
  pages = {1435--1446},
  year =         1994
}


@ARTICLE{glue-nail,
    author = {Marcia A. Derr and Shinichi Morishita and Geoffrey Phipps},
    title = {{The Glue-Nail Deductive Database System: Design, Implementation, and Evaluation}},
    journal = {The VLDB Journal},
    year = {1994},
    volume = {3},
    pages = {123--160}
}

@article{ldl,
 author = {Chimenti, D. and Gamboa, R. and Krishnamurthy, R. and Naqvi, S. and Tsur, S. and Zaniolo, C.},
 title = {{The LDL System Prototype}},
 journal = {IEEE Trans. on Knowl. and Data Eng.},
 volume = {2},
 number = {1},
 year = {1990},
 issn = {1041-4347},
 pages = {76--90},
 doi = {http://dx.doi.org/10.1109/69.50907},
 publisher = {IEEE Educational Activities Department},
 address = {Piscataway, NJ, USA},
 }

@INPROCEEDINGS{harmful,
    author = {John G. Cleary and Mark Utting and Roger Clayton},
    title = {{Data Structures Considered Harmful}},
    booktitle = {Australasian Workshop on Computational Logic},
    year = {2000}
}



@INPROCEEDINGS{starlog,
    author = {Lunjin Lu and John G. Cleary},
    title = {{An Operational Semantics of Starlog}},
    booktitle = {Proc. Principles and Practice of Declarative Programming},
    year = {1999},
    pages = {131--162},
    publisher = {Springer-Verlag}
}

@inproceedings{loo-sigmod06,
  author = {Loo, Boon Thau and Condie, Tyson and Garofalakis, Minos and Gay, David E. and Hellerstein, Joseph M. and Maniatis, Petros and Ramakrishnan, Raghu and Roscoe, Timothy and Stoica, Ion},
  title = {{Declarative Networking: Language, Execution and Optimization}},
  booktitle = {ACM SIGMOD},
  year = {2006},
  location = {Chicago, IL, USA},
  doi = {http://doi.acm.org/10.1145/1142473.1142485},
  address = {New York, NY, USA},
}

@inproceedings{meld,
  title = {{Declarative Programming for Modular Robots}},
  author = {Michael P. Ashley-Rollman and Michael De Rosa and Siddhartha S. Srinivasa and Padmanabhan Pillai and Seth Copen Goldstein and Jason Campbell},
  year = {2007}
}

@inproceedings{p2,
  title =        {{Implementing Declarative Overlays}},
  author = {Loo, Boon Thau and Condie, Tyson and Hellerstein, Joseph M. and Maniatis, Petros and Roscoe, Timothy and Stoica, Ion},
  booktitle =    "SOSP",
  year =         2005
}


@inproceedings{navarro,
   Author = {Juan A. Navarro and Andrey Rybalchenko},
   Bibsource = {DBLP, http://dblp.uni-trier.de},
   Booktitle = {PADL},	        
   Date-Added = {2009-07-24 17:13:04 -0700},
   Date-Modified = {2009-07-29 00:39:53 -0700},
   Keywords = {Overlog, P2},
   Pages = {76-90},
   Title = {{Operational Semantics for Declarative Networking}},
   Year = {2009}
}

@article{timeclocks,
 author = {Lamport, Leslie},
 title = {{Time, Clocks, and the Ordering of Events in a Distributed System}},
 journal = {Communications of the ACM},
 volume = {21},
 number = {7},
 year = {1978},
 issn = {0001-0782},
 pages = {558--565},
 doi = {http://doi.acm.org/10.1145/359545.359563},
 publisher = {ACM},
 address = {New York, NY, USA},
 }

@article{tdccp,
 author = {Saraswat, Vijay and Jagadeesan, Radha and Gupta, Vineet},
 title = {{Timed Default Concurrent Constraint Programming}},
 journal = {Journal of Symbolic Computation},
 volume = {22},
 number = {5-6},
 year = {1996},
 issn = {0747-7171},
 pages = {475--520},
 doi = {http://dx.doi.org/10.1006/jsco.1996.0064},
 publisher = {Academic Press, Inc.},
 address = {Duluth, MN, USA},
 }

@inproceedings{tccp,
  author    = {Vijay A. Saraswat and Radha Jagadeesan and Vineet Gupta},
  title     = {{Foundations of Timed Concurrent Constraint Programming}},
  booktitle = {LICS},
  year      = {1994},
  pages     = {71-80},
  bibsource = {DBLP, http://dblp.uni-trier.de}
}


@article{udatalog-neg,
 author = {Bertino, Elisa and Catania, Barbara and Gori, Roberta},
 title = {{Enhancing the Expressive Power of the U-Datalog Language}},
 journal = {Theory and Practice of Logic Programming},
 volume = {1},
 number = {1},
 year = {2001},
 issn = {1471-0684},
 pages = {105--122},
 doi = {http://dx.doi.org/10.1017/S1471068400001034},
 publisher = {Cambridge University Press},
 address = {New York, NY, USA},
 }


@article{tla,
 title = {The Temporal Logic of Actions},
 author = {Leslie Lamport},
 journal = {ACM Toplas},
 volume = 16, 
 number = 3,
 month = May,
 year = 1994,
 pages = "872-923"
}

@INPROCEEDINGS{ross-syntactic,
    author = {Kenneth Ross},
    title = {{A Syntactic Stratification Condition Using Constraints}},
    booktitle = {Proceedings of the International Symposium on Logic Programming},
    year = {1994},
    pages = {76--90}
}

@inproceedings{modular,
 author = {Ross, Kenneth A.},
 title = {{Modular Stratification and Magic Sets for DATALOG Programs with Negation}},
 booktitle = {PODS},
 year = {1990},
 isbn = {0-89791-352-3},
 pages = {161--171},
 location = {Nashville, Tennessee, United States},
 doi = {http://doi.acm.org/10.1145/298514.298558},
 publisher = {ACM},
 address = {New York, NY, USA},
 }

@inproceedings{constructivism,
 author = {Bry, F.},
 title = {{Logic Programming as Constructivism: a Formalization and its Application to Databases}},
 booktitle = {PODS},
 year = {1989},
 isbn = {0-89791-308-6},
 pages = {34--50},
 location = {Philadelphia, Pennsylvania, United States},
 doi = {http://doi.acm.org/10.1145/73721.73725},
 publisher = {ACM},
 address = {New York, NY, USA},
 }

@article{tag,
 author = {Madden, Samuel and Franklin, Michael J. and Hellerstein, Joseph M. and Hong, Wei},
 title = {{TAG: a Tiny AGgregation Service for Ad-Hoc Sensor Networks}},
 journal = {SIGOPS Operating Systems Review},
 volume = {36},
 number = {SI},
 year = {2002},
 issn = {0163-5980},
 pages = {131--146},
 doi = {http://doi.acm.org/10.1145/844128.844142},
 publisher = {ACM},
 address = {New York, NY, USA},
 }


@INPROCEEDINGS{levy,
    author = {Alon Levy Dept and Alon Levy and Yehoshua Sagiv},
    title = {{Constraints and Redundancy in Datalog}},
    booktitle = {Eleventh Symposium on Principles of Database Systems (PODS},
    year = {1992}

}

@book{mullender,
  editor =       {Sape Mullender},
  title =        {{Distributed Systems}},
  publisher =    {Addison-Wesley},
  year =         1993,
  edition =      {Second}
}

@book{scheme,
  editor =       {Harold Abelson and Gerald Jay Sussman},
  title =        {{Structure and Interpretation of Computer Programs}},
  publisher =    {McGraw Hill},
  year =         1996,
  edition =      {Second}
}

@inproceedings{supersafety,
author = {Kifer, Michael and Ramakrishnan, Raghu and Silberschatz, Avi},
title = {An axiomatic approach to deciding query safety in deductive databases},
booktitle = {PODS '88: Proceedings of the seventh ACM SIGACT-SIGMOD-SIGART symposium on Principles of database systems},
year = {1988},
isbn = {0-89791-263-2},
pages = {52--60},
location = {Austin, Texas, United States},
doi = {http://doi.acm.org/10.1145/308386.308412},
publisher = {ACM},
address = {New York, NY, USA},
}

@article{deductivesurvey,
           title = {A Survey of Research in Deductive Database Systems},
          author = {R. Ramakrishnan and J. Ullman},
         journal = "Journal of Logic Programming", 
           month = May,
            year = 1995, 
           pages = {125-149},
        abstract = {The area of deductive databases has matured in recent years, and it now seems appropriate to reflect upon what has been achieved and what the future holds. In this paper, we provide an overview of the area and briefly describe a number of projects that have led to implemented systems.}
}


@article{ sd3,
author = {Trevor Jim},
title = {SD3: A Trust Management System with Certified Evaluation},
journal ={Security and Privacy, IEEE Symposium on},
volume = {0},
year = {2001},
issn = {1540-7993},
pages = {0106},
doi = {http://doi.ieeecomputersociety.org/10.1109/SECPRI.2001.924291},
publisher = {IEEE Computer Society},
address = {Los Alamitos, CA, USA},
}

@inproceedings{dedalus,
  Author =       {Peter Alvaro and William R. Marczak and Neil Conway and Joseph
                  M. Hellerstein and David Maier and Russell Sears},
  Title =        {{Dedalus: Datalog in Time and Space}},
  booktitle =    {Proceedings of the Datalog 2.0 Workshop (to appear)},
  Year =         2011,
}

@article{serializability,
 author = {Papadimitriou, Christos H.},
 title = {{The Serializability of Concurrent Database Updates}},
 journal = {Journal of the ACM},
 volume = {26},
 issue = {4},
 month = {October},
 year = {1979},
 issn = {0004-5411},
 pages = {631--653},
 numpages = {23},
 publisher = {ACM},
 address = {New York, NY, USA},
} 

@article{linearizability,
 author = {Herlihy, Maurice P. and Wing, Jeannette M.},
 title = {{Linearizability: a Correctness Condition for Concurrent Objects}},
 journal = {ACM Transactions on Programming Languages and Systems},
 volume = {12},
 issue = {3},
 month = {July},
 year = {1990},
 issn = {0164-0925},
 pages = {463--492},
 numpages = {30},
 publisher = {ACM},
 address = {New York, NY, USA},
} 

