@article{mumickshmueli,
  Title={How expressive is stratified aggregation?},
  Journal={Annals of Mathematics and Artificial Intelligence},
  Volume=15, 
	Number={3-4},
	Month=Sep, 
	year=1995,
	Pages={407-435},
  Author="Inderpal Singh Mumick  and Oded Shmueli"
}

@inproceedings{boom-eurosys,
    Author = {Alvaro, Peter and Condie, Tyson and Conway, Neil and Elmeleegy, Khaled and Hellerstein, Joseph M. and Sears, Russell C},
    Booktitle = {EuroSys},
    Title = {{BOOM Analytics: Exploring Data-centric, Declarative Programming for the Cloud}},
    Year = {2010},
}

@inproceedings{greedychoice,
    author = {Greco, Sergio and Zaniolo, Carlo},
    title = {{Greedy Algorithms in Datalog with Choice and Negation}},
    booktitle = {Proceedings of the Joint International Conference and Symposium on Logic Programming},
    year = {1998},
    pages = {294--309},
}

@INPROCEEDINGS{eventchoice,
    author = {Antonella Guzzo and Domenico Sacca},
    title = {{Modelling the Future with Event Choice DATALOG}},
    booktitle = {Proc. AGP Conference},
    year = {2002},
    pages = {53--70}
}

@book{ullmanbook,
   author = {Ullman, Jeffrey D.},
   title = {{Principles of Database and Knowledge-Base Systems: Volume II: The New Technologies}},
   year = {1990},
   isbn = {071678162X},
   publisher = {W. H. Freeman \& Co.},
   address = {New York, NY, USA},
}

@article{boon,
 author = {Loo, Boon Thau and Condie, Tyson and Hellerstein, Joseph M. and Maniatis, Petros and Roscoe, Timothy and Stoica, Ion},
 title = {{Implementing Declarative Overlays}},
 journal = {SIGOPS Oper. Syst. Rev.},
 volume = {39},
 number = {5},
 year = {2005},
 issn = {0163-5980},
 pages = {75--90},
 doi = {http://doi.acm.org/10.1145/1095809.1095818},
 publisher = {ACM},
 address = {New York, NY, USA},
 }


@article{prz,
 author = {Przymusinski, T. C.},
 title = {{On the Declarative Semantics of Deductive Databases and Logic Programs}},
 book = {Foundations of Deductive Databases and Logic Programming},
 year = {1988},
 isbn = {0-934613-40-0},
 pages = {193--216},
 publisher = {Morgan Kaufmann Publishers Inc.},
 address = {San Francisco, CA, USA},
 }


@article{deductiveupdates,
  title =        {{Declarative Updates in Deductive Databases}},
  author =       "Liu, Mencheng and Cleary, John",
  journal = {Journal of Computing and Information},
  volume = 1,
  pages = {1435--1446},
  year =         1994
}


@ARTICLE{glue-nail,
    author = {Marcia A. Derr and Shinichi Morishita and Geoffrey Phipps},
    title = {{The Glue-Nail Deductive Database System: Design, Implementation, and Evaluation}},
    journal = {The VLDB Journal},
    year = {1994},
    volume = {3},
    pages = {123--160}
}

@article{ldl,
 author = {Chimenti, D. and Gamboa, R. and Krishnamurthy, R. and Naqvi, S. and Tsur, S. and Zaniolo, C.},
 title = {{The LDL System Prototype}},
 journal = {IEEE Trans. on Knowl. and Data Eng.},
 volume = {2},
 number = {1},
 year = {1990},
 issn = {1041-4347},
 pages = {76--90},
 doi = {http://dx.doi.org/10.1109/69.50907},
 publisher = {IEEE Educational Activities Department},
 address = {Piscataway, NJ, USA},
 }

@INPROCEEDINGS{harmful,
    author = {John G. Cleary and Mark Utting and Roger Clayton},
    title = {{Data Structures Considered Harmful}},
    booktitle = {Australasian Workshop on Computational Logic},
    year = {2000}
}



@INPROCEEDINGS{starlog,
    author = {Lunjin Lu and John G. Cleary},
    title = {{An Operational Semantics of Starlog}},
    booktitle = {Proc. Principles and Practice of Declarative Programming},
    year = {1999},
    pages = {131--162},
    publisher = {Springer-Verlag}
}

@inproceedings{meld,
  title = {{Declarative Programming for Modular Robots}},
  author = {Michael P. Ashley-Rollman and Michael De Rosa and Siddhartha S. Srinivasa and Padmanabhan Pillai and Seth Copen Goldstein and Jason Campbell},
  year = {2007}
}

@inproceedings{p2,
  title =        {{Implementing Declarative Overlays}},
  author = {Loo, Boon Thau and Condie, Tyson and Hellerstein, Joseph M. and Maniatis, Petros and Roscoe, Timothy and Stoica, Ion},
  booktitle =    "SOSP",
  year =         2005
}


@inproceedings{navarro,
   Author = {Juan A. Navarro and Andrey Rybalchenko},
   Bibsource = {DBLP, http://dblp.uni-trier.de},
   Booktitle = {PADL},	        
   Date-Added = {2009-07-24 17:13:04 -0700},
   Date-Modified = {2009-07-29 00:39:53 -0700},
   Keywords = {Overlog, P2},
   Pages = {76-90},
   Title = {{Operational Semantics for Declarative Networking}},
   Year = {2009}
}

@article{timeclocks,
 author = {Lamport, Leslie},
 title = {{Time, Clocks, and the Ordering of Events in a Distributed System}},
 journal = {Communications of the ACM},
 volume = {21},
 number = {7},
 year = {1978},
 issn = {0001-0782},
 pages = {558--565},
 doi = {http://doi.acm.org/10.1145/359545.359563},
 publisher = {ACM},
 address = {New York, NY, USA},
 }

@article{tdccp,
 author = {Saraswat, Vijay and Jagadeesan, Radha and Gupta, Vineet},
 title = {{Timed Default Concurrent Constraint Programming}},
 journal = {Journal of Symbolic Computation},
 volume = {22},
 number = {5-6},
 year = {1996},
 issn = {0747-7171},
 pages = {475--520},
 doi = {http://dx.doi.org/10.1006/jsco.1996.0064},
 publisher = {Academic Press, Inc.},
 address = {Duluth, MN, USA},
 }

@inproceedings{tccp,
  author    = {Vijay A. Saraswat and Radha Jagadeesan and Vineet Gupta},
  title     = {{Foundations of Timed Concurrent Constraint Programming}},
  booktitle = {LICS},
  year      = {1994},
  pages     = {71-80},
  bibsource = {DBLP, http://dblp.uni-trier.de}
}


@article{udatalog-neg,
 author = {Bertino, Elisa and Catania, Barbara and Gori, Roberta},
 title = {{Enhancing the Expressive Power of the U-Datalog Language}},
 journal = {Theory and Practice of Logic Programming},
 volume = {1},
 number = {1},
 year = {2001},
 issn = {1471-0684},
 pages = {105--122},
 doi = {http://dx.doi.org/10.1017/S1471068400001034},
 publisher = {Cambridge University Press},
 address = {New York, NY, USA},
 }


@article{tla,
 title = {The Temporal Logic of Actions},
 author = {Leslie Lamport},
 journal = {ACM Toplas},
 volume = 16, 
 number = 3,
 month = May,
 year = 1994,
 pages = "872-923"
}

@INPROCEEDINGS{ross-syntactic,
    author = {Kenneth Ross},
    title = {{A Syntactic Stratification Condition Using Constraints}},
    booktitle = {Proceedings of the International Symposium on Logic Programming},
    year = {1994},
    pages = {76--90}
}

@inproceedings{modular,
 author = {Ross, Kenneth A.},
 title = {{Modular Stratification and Magic Sets for DATALOG Programs with Negation}},
 booktitle = {PODS},
 year = {1990},
 isbn = {0-89791-352-3},
 pages = {161--171},
 location = {Nashville, Tennessee, United States},
 doi = {http://doi.acm.org/10.1145/298514.298558},
 publisher = {ACM},
 address = {New York, NY, USA},
 }

@inproceedings{constructivism,
 author = {Bry, F.},
 title = {{Logic Programming as Constructivism: a Formalization and its Application to Databases}},
 booktitle = {PODS},
 year = {1989},
 isbn = {0-89791-308-6},
 pages = {34--50},
 location = {Philadelphia, Pennsylvania, United States},
 doi = {http://doi.acm.org/10.1145/73721.73725},
 publisher = {ACM},
 address = {New York, NY, USA},
 }

@article{tag,
 author = {Madden, Samuel and Franklin, Michael J. and Hellerstein, Joseph M. and Hong, Wei},
 title = {{TAG: a Tiny AGgregation Service for Ad-Hoc Sensor Networks}},
 journal = {SIGOPS Operating Systems Review},
 volume = {36},
 number = {SI},
 year = {2002},
 issn = {0163-5980},
 pages = {131--146},
 doi = {http://doi.acm.org/10.1145/844128.844142},
 publisher = {ACM},
 address = {New York, NY, USA},
 }


@INPROCEEDINGS{levy,
    author = {Alon Levy Dept and Alon Levy and Yehoshua Sagiv},
    title = {{Constraints and Redundancy in Datalog}},
    booktitle = {In Proceedings of the Eleventh Symposium on Principles of Database Systems (PODS},
    year = {1992}

}

@book{mullender,
  editor =       {Sape Mullender},
  title =        {{Distributed Systems}},
  publisher =    {Addison-Wesley},
  year =         1993,
  edition =      {Second}
}

@book{scheme,
  editor =       {Harold Abelson and Gerald Jay Sussman},
  title =        {{Structure and Interpretation of Computer Programs}},
  publisher =    {McGraw Hill},
  year =         1996,
  edition =      {Second}
}

@inproceedings{supersafety,
author = {Kifer, Michael and Ramakrishnan, Raghu and Silberschatz, Avi},
title = {An axiomatic approach to deciding query safety in deductive databases},
booktitle = {PODS '88: Proceedings of the seventh ACM SIGACT-SIGMOD-SIGART symposium on Principles of database systems},
year = {1988},
isbn = {0-89791-263-2},
pages = {52--60},
location = {Austin, Texas, United States},
doi = {http://doi.acm.org/10.1145/308386.308412},
publisher = {ACM},
address = {New York, NY, USA},
}

@article{deductivesurvey,
           title = {A Survey of Research in Deductive Database Systems},
          author = {R. Ramakrishnan and J. Ullman},
         journal = "Journal of Logic Programming", 
           month = May,
            year = 1995, 
           pages = {125-149},
        abstract = {The area of deductive databases has matured in recent years, and it now seems appropriate to reflect upon what has been achieved and what the future holds. In this paper, we provide an overview of the area and briefly describe a number of projects that have led to implemented systems.}
}


@inproceedings{sd3,
author = {Trevor Jim},
title = {SD3: A Trust Management System with Certified Evaluation},
booktitle ={IEEE Symposium on Security and Privacy},
year = {2001},
pages = {106--115},
}

@inproceedings{statelog,
  author = "Georg Lausen, Bertram Lud$\ddot{a}$scher, Wolfgang May", 
booktitle = "Transactions and Change in Logic Databases", 
pages = "69-106", 
title = "On Active Deductive Databases: The Statelog Approach", 
year = "1998", 
} 

@incollection{local-strat,
author = {Przymusinski, Teodor C.},
title={{On the Declarative Semantics of Deductive Databases and Logic Programs}},
booktitle={{Foundations of Deductive Databases and Logic Programming}},
pages={193--216},
editor={Minker, Jack},
publisher={Morgan Kaufmann},
address={Los Altos, CA},
year=1988,
}

