@inproceedings{Alvaro2011,
  author =       {Alvaro, Peter and others},
  booktitle =    {CIDR},
  title =        {{Consistency Analysis in Bloom: a CALM and Collected
                  Approach}},
  year =         2011
}
