@InProceedings{Nath2004,
  author = 	 {Suman Nath and Phillip Gibbons and Zachary Anderson and Srinivasan Seshan}, 
  title = 	 {{Synopsis Diffusion for Robust Aggregation in Sensor Networks}},
  booktitle =	 {Proceedings of ACM SenSys},
  year =	 {2004},
  address =	 {Baltimore, MD, USA},
  month =	 nov
}

@inproceedings{Madden2002,
  title =	 "{TAG}: A {T}iny {AG}gregation Service for Ad-Hoc
                  Sensor Networks",
  author =	 "Samuel Madden and Michael J. Franklin and Joseph
                  M. Hellerstein and Wei Hong",
  booktitle =	 "Fifth Symposium on Operating Systems Design and
                  Implementation (OSDI)",
  month =	 dec,
  year =	 2002,
  address =	 {Boston, {MA}, {USA}},
  pages =	 {131--146}
}


@article{Flajolet1985,
  author =	 {Philippe Flajolet and G. Nigel Martin},
  title =	 {{Probabilistic Counting Algorithms for Data Base
                  Applications}},
  journal =	 {J. Comput. Syst. Sci.},
  volume =	 {31},
  number =	 {2},
  year =	 {1985},
  issn =	 {0022-0000},
  pages =	 {182--209},
  doi =		 {http://dx.doi.org/10.1016/0022-0000(85)90041-8},
  publisher =	 {Academic Press, Inc.},
}

@inproceedings{Considine2004,
  author =	 {Jeffrey Considine and Feifei Li and George Kollios
                  and John Byers},
  title =	 {{Approximate Aggregation Techniques for Sensor
                  Databases}},
  booktitle =	 {Proc. of the International Conference on Data
                  Engineering (ICDE)},
  year =	 {2004},
}

@InProceedings{Gray1996,
  author = 	 {Jim Gray and Adam Bosworth and Andrew Layman and Hamid Pirahesh},
  title = 	 {{Data Cube: A Relational Operator Generalizing Group-By, Cross-Tab, and Sub-Totals}},
  OPTcrossref =  {},
  OPTkey = 	 {},
  booktitle =	 {Proceedings of the 12th International Conference on Data Engineering},
  pages =	 {152--159},
  year =	 {1996},
  OPTeditor = 	 {},
  OPTvolume = 	 {},
  OPTnumber = 	 {},
  OPTseries = 	 {},
  OPTaddress = 	 {},
  OPTmonth = 	 {},
  OPTorganization = {},
  OPTpublisher = {},
  OPTnote = 	 {},
  OPTannote = 	 {}
}

@inproceedings{Demers1987,
  author =	 {Alan Demers and Dan Greene and Carl Hauser and Wes
                  Irish and John Larson and Scott Shenkcr and Howard
                  Sturgis and Dan Swinehart and Doug Terry},
  title =	 {{Epidemic algorithms for replicated database
                  maintenance}},
  booktitle =	 {Proceedings of the sixth annual ACM
                  Symposium on Principles of distributed computing},
  year =	 {1987},
  isbn =	 {0-89791-239-4},
  pages =	 {1--12},
  location =	 {Vancouver, British Columbia, Canada},
  doi =		 {http://doi.acm.org/10.1145/41840.41841},
  publisher =	 {ACM Press},
  address =	 {New York, NY, USA},
}



@InProceedings{Sanli2004,
  author = 	 {H. Ozgur Sanli and Suat Ozdemir and Hasan \,{C}am},
  title = 	 {{SRDA: secure reference-based data aggregation protocol for wireless sensor networks}},
  OPTcrossref =  {},
  OPTkey = 	 {},
  booktitle =	 {Proceedings of the Vehicular Technology Conference},
  pages =	 {4650--4654},
  year =	 {2004},
  OPTeditor = 	 {},
  OPTvolume = 	 {},
  OPTnumber = 	 {},
  OPTseries = 	 {},
  OPTaddress = 	 {},
  month =	 sep,
  organization = {IEEE},
  OPTpublisher = {},
  OPTnote = 	 {},
  OPTannote = 	 {}
}

@inproceedings{Manjhi2005,
  author =	 {Amit Manjhi and Suman Nath and Phillip B. Gibbons},
  title =	 {Tributaries and deltas: efficient and robust
                  aggregation in sensor network streams},
  booktitle =	 {Proceedings of the 2005 ACM SIGMOD international
                  conference on Management of data},
  year =	 {2005},
  pages =	 {287--298},
  address =	 {Baltimore, {MD}, {USA}},
}


@article{Edmonds1972,
 author = {Jack Edmonds and Richard M. Karp},
 title = {Theoretical Improvements in Algorithmic Efficiency for Network Flow Problems},
 journal = {Journal of the ACM},
 volume = {19},
 number = {2},
 year = {1972},
 pages = {248--264},
 publisher = {ACM Press},
 address = {New York, NY, USA},
 }

@inproceedings{Huebsch2004,
  author =	 {Ryan Huebsch and Brent N. Chun and Joseph
                  M. Hellerstein and Boon Thau Loo and Petros Maniatis
                  and Timothy Roscoe and Scott Shenker and Ion Stoica
                  and Aydan R. Yumerefendi},
  title =	 {The Architecture of {PIER}: an {I}nternet-Scale Query
                  Processor.},
  booktitle =	 {CIDR},
  year =	 {2005},
  pages =	 {28-43},
}


@article{Renesse2003,
  author =	 {Robbert Van Renesse and Kenneth P. Birman and Werner
                  Vogels},
  title =	 {Astrolabe: A robust and scalable technology for
                  distributed system monitoring, management, and data
                  mining},
  journal =	 {ACM Trans. Comput. Syst.},
  volume =	 {21},
  number =	 {2},
  year =	 {2003},
  issn =	 {0734-2071},
  pages =	 {164--206},
  doi =		 {http://doi.acm.org/10.1145/762483.762485},
  publisher =	 {ACM Press},
  address =	 {New York, NY, USA},
}



@inproceedings{Yalagandula2004,
  author =	 {Praveen Yalagandula and Mike Dahlin},
  title =	 {A scalable distributed information management system},
  booktitle =	 {Proceedings of the 2004 conference on Applications,
                  technologies, architectures, and protocols for
                  computer communications (SIGCOMM)},
  year =	 {2004},
  pages =	 {379--390},
  address =	 {Portland, OR, USA},
  month =	 sep
}


@inproceedings{Seshadri2005,
  author =	 {Arvind Seshadri and Mark Luk and Elaine Shi and Adrian
                  Perrig and Leendert van Doorn and Pradeep Khosla},
  title =	 {Pioneer: verifying code integrity and enforcing
                  untampered code execution on legacy systems},
  booktitle =	 {Proceedings of the ACM Symposium on Operating Systems
                  Principles (SOSP)},
  year =	 {2005},
  pages =	 {1--16},
  address =	 {Brighton, UK},
  month =	 oct,
}



@inproceedings{Dobra2002,
  author =	 {Alin Dobra and Minos Garofalakis and Johannes Gehrke
                  and Rajeev Rastogi},
  title =	 {Processing complex aggregate queries over data
                  streams},
  booktitle =	 {Proceedings of the ACM SIGMOD international
                  conference on Management of data (SIGMOD)},
  year =	 {2002},
  pages =	 {61--72},
  address =	 {Madison, WI, USA},
}


@article{Goldberg1988,
 author = {Andrew V. Goldberg and Robert E. Tarjan},
 title = {A new approach to the maximum-flow problem},
 journal = {J. ACM},
 volume = {35},
 number = {4},
 year = {1988},
 issn = {0004-5411},
 pages = {921--940},
 doi = {http://doi.acm.org/10.1145/48014.61051},
 publisher = {ACM Press},
 address = {New York, NY, USA},
 }

@inproceedings{Przydatek2003,
  author =	 {Bartosz Przydatek and Dawn Song and Adrian Perrig},
  title =	 {{SIA: Secure Information Aggregation in Sensor
                  Networks}},
  booktitle =	 {Proceedings of the 2nd ACM Conference on Embedded Network
                  Sensor Systems (SenSys)},
  year =	 {2004},
  address =	 {Los Angeles, CA, USA},
  month =	 nov,
}

@inproceedings{Olston2002,
  author =	 {Chris Olston and Jennifer Widom},
  title =	 {Best-effort cache synchronization with source
                  cooperation},
  booktitle =	 {Proceedings of the ACM SIGMOD international conference
                  on Management of data (SIGMOD)},
  year =	 {2002},
  pages =	 {73--84},
  address =	 {Madison, WI, USA},
}


@inproceedings{Olston2000,
  author =	 {Chris Olston and Jennifer Widom},
  title =	 {Offering a Precision-Performance Tradeoff for
                  Aggregation Queries over Replicated Data},
  booktitle =	 {Proceedings of the 26th International Conference on
                  Very Large Data Bases (VLDB)},
  year =	 {2000},
  pages =	 {144--155},
  address =	 {Cairo, Egypt},
}


@book{MotwaniRaghavan1995,
  author =	 {Rajeev Motwani and Prabhakar Raghavan},
  title =	 {Randomized algorithms},
  year =	 {1995},
  isbn =	 {0-521-47465-5},
  publisher =	 {Cambridge University Press},
  address =	 {New York, NY, USA},
}


@inproceedings{Gibbons2001,
  author =	 {Phillip B. Gibbons},
  title =	 {Distinct Sampling for Highly-Accurate Answers to
                  Distinct Values Queries and Event Reports},
  booktitle =	 {Proceedings of the 27th International Conference on
                  Very Large Data Bases (VLDB)},
  year =	 {2001},
  month =	 sep,
  pages =	 {541--550},
  address =	 {Rome, Italy},
}




@article{Vitter1985,
  author =	 {Jeffrey S. Vitter},
  title =	 {Random sampling with a reservoir},
  journal =	 {ACM Transactions on Mathematical Software},
  volume =	 {11},
  number =	 {1},
  year =	 {1985},
  pages =	 {37--57},
  publisher =	 {ACM Press},
  address =	 {New York, NY, USA},
}

@article{Cormode2005,
  author =	 {Graham Cormode and S. Muthukrishnan},
  title =	 {What's hot and what's not: tracking most frequent
                  items dynamically},
  journal =	 {ACM Transactions on Database Systems},
  volume =	 {30},
  number =	 {1},
  year =	 {2005},
  pages =	 {249--278},
  publisher =	 {ACM Press},
  address =	 {New York, NY, USA},
}


@inproceedings{Gilbert2002,
  author =	 {Anna C. Gilbert and Yannis Kotidis and
                  S. Muthukrishnan and Martin Strauss},
  title =	 {{How to Summarize the Universe: Dynamic Maintenance of
                  Quantiles}},
  booktitle =	 {Proceedings of the 28th International Conference on
                  Very Large Data Bases (VLDB)},
  year =	 {2002},
  pages =	 {454-465},
  month =	 aug,
  address =	 {Hong Kong, China},
}


@inproceedings{Gibbons2001SPAA,
  author =	 {Phillip B. Gibbons and Srikanta Tirthapura},
  title =	 {Estimating simple functions on the union of data
                  streams},
  booktitle =	 {Proceedings of the thirteenth annual ACM symposium on
                  Parallel algorithms and architectures (SPAA)},
  year =	 {2001},
  pages =	 {281--291},
  month =	 jul,
  address =	 {Crete, Greece},
}



@inproceedings{Ganguly2003,
  author =	 {Sumit Ganguly and Minos Garofalakis and Rajeev
                  Rastogi},
  title =	 {Processing set expressions over continuous update
                  streams},
  booktitle =	 {Proceedings of the ACM SIGMOD international conference
                  on Management of data (SIGMOD)},
  year =	 {2003},
  month =	 jun,
  pages =	 {265--276},
  address =	 {San Diego, CA, USA},
}



@inproceedings{Bonnet2001,
  author =	 {Philippe Bonnet and Johannes Gehrke and Praveen
                  Seshadri},
  title =	 {Towards Sensor Database Systems},
  booktitle =	 {Proceedings of the Second International Conference on
                  Mobile Data Management (MDM)},
  year =	 {2001},
  pages =	 {3--14},
  address =	 {Hong Kong, China},
  month =	 jan,
}

@inproceedings{bjks:random02,
  author =	 {Bar-Yossef, Ziv and Jayram, T.S. and Kumar, Ravi and
                  Sivakumar, D. and Trevisan, Luca},
  title =	 {{Counting distinct elements in a data stream}},
  booktitle =	 "Proceedings of RANDOM",
  year =	 {2002},
  month =	 sep,
  address =	 {Cambridge, MA, USA},
  pages =	 {},
}


@techreport{esispec,
title="{ESI} Language Specification",
author="Mark Tsimelzon and Bill Weihl and Larry Jacobs",
year=2001,
institution="Akamai Technologies and Oracle Corporation",
number="1.0",
note="http://www.esi.org/language\_spec\_1-0.html"
}

@article{liangbrentshen01,
author="Weifa Liang and Richard P. Brent and Hong Shen",
title="Fully Dynamic Maintenance of $k$-Connectivity in Parallel",
journal="IEEE Trans. Parallel Distrib. Syst.",
volume=12,
number=8,
pages="846-864",
year=2001
}

@inproceedings{holm98,
  author =	 {Jacob Holm and Kristian de Lichtenberg and Mikkel
                  Thorup},
  title =	 {Poly-logarithmic deterministic fully-dynamic
                  algorithms for connectivity, minimum spanning tree,
                  2-edge, and biconnectivity},
  booktitle =	 {Proceedings of the thirtieth annual ACM symposium on
                  Theory of computing (STOC)},
  year =	 {1998},
  pages =	 {79--89},
  address =	 {Dallas, TX, United States},
}


@inproceedings{Patrascu04,
 author = {Mihai Patrascu and Erik D. Demaine},
 title = {Lower bounds for dynamic connectivity},
 booktitle = {Proceedings of the thirty-sixth annual ACM symposium on Theory of computing (STOC)},
 year = {2004},
 pages = {546--553},
 address = {Chicago, IL, USA},
 }

@inproceedings{Wagner2004,
title="Resilient Aggregation in Sensor Networks",
author="David Wagner",
booktitle="ACM Workshop on Security of Ad Hoc and Sensor Networks
                  (SASN)",
month=oct,
year= 2004
}

@inproceedings{AgrawalHaasKiernan2004,
author="Rakesh Agrawal and Peter J. Haas and Jerry Kiernan",
title="A System for Watermarking Relational Databases",
booktitle="ACM SIGMOD International Conference on Management of Data",
year=2003
}

@InProceedings{Perich2004,
  author = "Filip  Perich and Jeffrey L Undercoffer and Lalana  Kagal and Anupam  Joshi and Tim  Finin and Yelena  Yesha",
  title = "{In Reputation We Believe: Query Processing in Mobile Ad-Hoc Networks}",
  month = "August",
  year = "2004",
  address = "Boston, MA",
  booktitle = "International Conference on Mobile and Ubiquitous Systems: Networking and Services",
}

@inproceedings{AgrawalSrikantThomas2005,
author="Rakesh Agrawal and Ramakrishnan Srikant and Dilys Thomas",
title="Privacy Preserving {OLAP}",
booktitle="ACM SIGMOD International Conference on Management of Data",
year=2005
}

@book{Huber2003,
author="Peter J. Huber",
title="Robust Statistics",
year=2003,
publisher="Wiley-Interscience",
}

@inproceedings{mm:vldb02,
author = {Manku, Gurmeet Singh and Motwani, Rajeev},
title = {{``Approximate Frequency Counts over Data Streams''}},
booktitle =	 {Proceedings of the 28th International Conference on
                  Very Large Data Bases (VLDB)},
year = 2002,
month = aug,
pages = {346--357},
address = {Hong Kong, China},
mynotes = {
}}

@inproceedings{cm:pods03,
author = {Cormode, Graham and Muthukrishnan, S.},
title = {{``What's Hot and What's Not: Tracking Most Frequent Items
            Dynamically''}},
booktitle = {Proceedings of ACM PODS},
year = 2003,
month = jun,
pages = {296--306},
address = {San Diego, California},
mynotes = {
}}

@inproceedings{manku:sigmod99,
author = {Manku, Gurmeet Singh and Rajagopalan, Sridhar and Lindsay, Bruce G.},
title = {{``Random sampling techniques for space efficient online computation of order statistics of large datasets''}},
booktitle = {Proceedings of ACM SIGMOD},
year = 1999,
month = jun,
pages = {},
mynotes = {
}}

@inproceedings{Raman2002,
  author =	 {Vijayshankar Raman and Joseph M. Hellerstein},
  title =	 {Partial results for online query processing},
  booktitle =	 {Proceedings of the ACM SIGMOD international conference
                  on Management of data (SIGMOD)},
  year =	 {2002},
  pages =	 {275--286},
  address =	 {Madison, WI, USA},
  month =	 jun,
}


@inproceedings{Babcock2003,
  author =	 {Brian Babcock and Surajit Chaudhuri and Gautam Das},
  title =	 {Dynamic sample selection for approximate query
                  processing},
  booktitle =	 {Proceedings of the ACM SIGMOD international conference
                  on Management of data (SIGMOD)},
  year =	 {2003},
  pages =	 {539--550},
  address =	 {San Diego, CA, USA},
  month =	 jun
}


@article{Bloom1970,
  author =	 {Burton H. Bloom},
  title =	 {Space/time trade-offs in hash coding with allowable
                  errors},
  journal =	 {Communications of the ACM},
  volume =	 {13},
  number =	 {7},
  year =	 {1970},
  pages =	 {422--426},
  publisher =	 {ACM Press},
}


@InProceedings{Malkhi2004,
  author =	 {Dahlia Malkhi and Noam Nisan and Benny Pinkas and
                  Yaron Sella},
  title =	 {{Fairplay---A Secure Two-Party Computation System}},
  OPTcrossref =	 {},
  OPTkey =	 {},
  booktitle =	 {Proceedings of the 13th USENIX Security Symposium},
  pages =	 {287--302},
  year =	 {2004},
  address =	 {San Diego, CA, USA},
  month =	 aug,
  OPTorganization ={},
  OPTpublisher = {},
  OPTnote =	 {},
  OPTannote =	 {}
}




@TechReport{Garofalakis2006,
  author =	 {Minos Garofalakis and Joseph M. Hellerstein and Petros
                  Maniatis},
  title =	 {{Proof Sketches: Verifiable Multi-Party Aggregation}},
  institution =	 {Intel Research Berkeley},
  year =	 {2006},
  OPTkey =	 {},
  OPTtype =	 {},
  OPTnumber =	 {},
  OPTaddress =	 {},
  OPTmonth =	 {},
  note =	 {\url{http://p2.berkeley.intel-research.net/amfm.pdf}},
  OPTannote =	 {}
}


