@inproceedings{Alvaro2011,
author = {Alvaro, Peter and Conway, Neil and Hellerstein, Joseph M and Marczak, William R},
booktitle = {CIDR},
pages = {249--260},
title = {{Consistency Analysis in Bloom: a CALM and Collected Approach}},
year = {2011}
}
