@inproceedings{p2,
 author = {Boon Thau Loo and Tyson Condie and Joseph M. Hellerstein and Petros Maniatis and Timothy Roscoe and Ion Stoica},
 title = {Implementing Declarative Overlays},
 booktitle = "SOSP",
 year = {2005}
}

 @inproceedings{ndlog,
 author = {Boon Thau Loo and Tyson Condie and Minos Garofalakis and David E. Gay and Joseph M. Hellerstein and Petros Maniatis and Raghu Ramakrishnan and Timothy Roscoe and Ion Stoica},
 title = {Declarative networking: language, execution and optimization},
 booktitle = {SIGMOD '06: Proceedings of the 2006 ACM SIGMOD international conference on Management of data},
 year = {2006},
 isbn = {1-59593-434-0},
 pages = {97--108},
 location = {Chicago, IL, USA},
 doi = {http://doi.acm.org/10.1145/1142473.1142485},
 publisher = {ACM},
 address = {New York, NY, USA},
 }
 
@inproceedings{phi,
	Address = {Asilomar, California, USA.},
	Author = {Joseph M. Hellerstein and Tyson Condie and Minos Garofalakis and Boon Thau Loo and Petros Maniatis and Timothy Roscoe and Nina A. Taft},
	Booktitle = {3rd Biennial Conference on Innovative Data Systems Research (CIDR)},
	Title = {Public Health for the Internet},
	Year = {2007}}

@inproceedings{bb,
 author = {Anirudh Ramachandran and Nick Feamster and Santosh Vempala},
 title = {Filtering spam with behavioral blacklisting},
 booktitle = {CCS '07: Proceedings of the 14th ACM conference on Computer and communications security},
 year = {2007},
 isbn = {978-1-59593-703-2},
 pages = {342--351},
 location = {Alexandria, Virginia, USA},
 doi = {http://doi.acm.org/10.1145/1315245.1315288},
 publisher = {ACM},
 address = {New York, NY, USA},
 }
 
 @inproceedings{sb,
 author = {Anirudh Ramachandran and Nick Feamster},
 title = {Understanding the network-level behavior of spammers},
 booktitle = {SIGCOMM '06: Proceedings of the 2006 conference on Applications, technologies, architectures, and protocols for computer communications},
 year = {2006},
 isbn = {1-59593-308-5},
 pages = {291--302},
 location = {Pisa, Italy},
 doi = {http://doi.acm.org/10.1145/1159913.1159947},
 publisher = {ACM},
 address = {New York, NY, USA},
 }
 
 @misc{distributedspfilter,
	abstract = {The state of the art sees content-based filters tending towards collaborative filters, whereby email is filtered at the MTA with users feeding information back about false positives and negatives.},
	author = {And, Alan  G. },
	citeulike-article-id = {2336435},
	keywords = {social-web, web\_20},
	priority = {1},
	title = {Personalised, Collaborative Spam Filtering},
	url = {http://citeseer.ist.psu.edu/733492.html}
}

@inproceedings{sabrina04ppbased,
 author = {Ernesto Damiani and Sabrina De Capitani di Vimercati and Stefano Paraboschi and Pierangela Samarati},
 title = {P2P-Based Collaborative Spam Detection and Filtering},
 booktitle = {P2P '04: Proceedings of the Fourth International Conference on Peer-to-Peer Computing},
 year = {2004},
 isbn = {0-7695-2156-8},
 pages = {176--183},
 doi = {http://dx.doi.org/10.1109/P2P.2004.36},
 publisher = {IEEE Computer Society},
 address = {Washington, DC, USA},
 }

@inproceedings{trinity,
 author = {Alex Brodsky and Dmitry Brodsky},
 title = {A distributed content independent method for spam detection},
 booktitle = {HotBots'07: Proceedings of the first conference on First Workshop on Hot Topics in Understanding Botnets},
 year = {2007},
 pages = {3--3},
 publisher = {USENIX Association},
 }

   
@ inproceedings{ clayton04stopping,
  Author = {Richard Clayton},
  Title = {Stopping spam by extrusion detection},
  Booktitle = {CEAS},
  Year = {2004},
  url = "citeseer.ist.psu.edu/article/clayton04stopping.html" }

 @inproceedings{DBLP:conf/ceas/Clayton05,
  author    = {Richard Clayton},
  title     = {Stopping Outgoing Spam by Examining Incoming Server Logs},
  booktitle = {CEAS},
  year      = {2005},
  ee        = {http://www.ceas.cc/papers-2005/140.pdf},
  crossref  = {DBLP:conf/ceas/2005},
  bibsource = {DBLP, http://dblp.uni-trier.de}
}

@proceedings{DBLP:conf/ceas/2005,
  title     = {CEAS 2005 - Second Conference on Email and Anti-Spam, July
               21-22, 2005, Stanford University, California, USA},
  booktitle = {CEAS},
  year      = {2005},
  bibsource = {DBLP, http://dblp.uni-trier.de}
}

 @inproceedings{spamscatter,
   Author = { David S. Anderson and Chris Fleizach and Stefan Savage and Geoffrey M. Voelker },
   Title = { Spamscatter: Characterizing Internet Scam Hosting Infrastructure },
   Year = { 2007 },
   Keywords = { spam, measurement },
   Booktitle = { USENIX Security }
 }
 
 @inproceedings{cluster1,
	author = {F. Li and M.-H. Hseih},
	journal = {In 3rd Conference on Email and Anti-Spam (CEAS), Mountain View, CA, July 2006.},
	title = {An Empirical Study of Clustering Behavior of Spammers and Group-based Anti-Spam Strategies},
	Booktitle = {CEAS},
	year = "2006"
}

@misc{bayesian,
  author = {P. Graham},
  howpublished = "Better Bayesian Filtering \url{http://www.paulgraham.com/better.html}",
 year="2003"}
 
 @inproceedings{ sahami98bayesian,
    author = "Mehran Sahami and Susan Dumais and David Heckerman and Eric Horvitz",
    title = "A Bayesian Approach to Filtering Junk {E}-Mail",
    booktitle = "Learning for Text Categorization: Papers from the 1998 Workshop",
    publisher = "AAAI Technical Report WS-98-05",
    address = "Madison, Wisconsin",
    year = "1998",
    url = "citeseer.ist.psu.edu/sahami98bayesian.html" }
    
  @inproceedings{ spambayes,
  author = "T.A Meyer And B Whateley",
  title = "SpamBayes: Effective open-source, Bayesian based, email classification",
  Booktitle = {CEAS},
  year = {2004},
  url = "citeseer.ist.psu.edu/665072.html" }
  
  @misc{spamcop,
  author = {Spamcop},
  howpublished = "\url{http://www.spamcop.net/}"}
  
  @misc{spamhaus,
  author = {Spamhaus},
  howpublished = " \url{http://www.spamhaus.org/}"}
  
  @misc{spamassassin,
  author={SpamAssassin},
  howpublished = "\url{http://spamassassin.apache.org/}"}
  
  @misc{mailavenger,
  author={Mail Avenger},
  howpublished = " \url{http://www.mailavenger.org/}"}

  @misc{uribl,
  author={Realtime URI Blacklist},
  howpublished = "\url{http://www.uribl.com/}"}

  @misc{dcc,
  author={Distributed Checksum Clearinghouse},
  howpublished = "\url{http://www.rhyolite.com/anti-spam/dcc/}"}

  @misc{dnsbl,
  howpublished = " DNSBL Resource Blacklist Statistics Center \url{http://stats.dnsbl.com/}",
 author =  "A Iverson"}
 
  @misc{spamhints,
  author={SpamHINTS},
  howpublished = "\url{http://www.spamhints.org/}"}
  
 @misc{affinity,
 author={Affinity Propagation software implementation along with the data sets are available at },
 howpublished = "\url{http://www.psi.toronto.edu/affinitypropagation/}"}

@article{ap,
	address = {Department of Electrical and Computer Engineering, University of Toronto, 10 King's College Road, Toronto, Ontario M5S 3G4, Canada.},
	author = {Frey, Brendan  J. J.  and Dueck, Delbert  },
	citeulike-article-id = {1051630},
	doi = {10.1126/science.1136800},
	issn = {1095-9203},
	journal = {Science},
	keywords = {clustering, distributed, p2p, trust},
	month = {February},
	pages = {972--976},
	posted-at = {2007-03-05 17:02:22},
	priority = {2},
	title = {Clustering by Passing Messages Between Data Points.},
	url = {http://dx.doi.org/10.1126/science.1136800},
	volume = {315},
	year = {2007}
}

@inproceedings{baysail,
	author = {Silberstein, Adam   and Puggioni, Gavino   and Gelfand, Alan   and Munagala, Kamesh   and Yang, Jun  },
	booktitle = {VLDB '07: Proceedings of the 33rd international conference on Very large data bases},
	citeulike-article-id = {2362294},
	isbn = {9781595936493},
	keywords = {failures, sensors},
	pages = {842--853},
	posted-at = {2008-02-11 11:08:39},
	priority = {3},
	publisher = {VLDB Endowment},
	title = {Suppression and failures in sensor networks: a Bayesian approach},
	url = {http://portal.acm.org/citation.cfm?id=1325851.1325947},
	year = {2007}
}

@inproceedings{ nelson-etal-2008-spambayes,
  author = "Blaine Nelson and Marco Barreno and Fuching Jack Chi and Anthony D. Joseph and Benjamin I. P. Rubinstein and Udam Saini and Charles Sutton and J. D. Tygar and Kai Xia",
  title = "Exploiting Machine Learning to Subvert Your Spam Filter",
  booktitle = "Proceedings of the First Workshop on Large-scale Exploits and Emerging Threats ({LEET})",
  year = 2008,
}

@inproceedings{ wittel-wu-2004-attacking,
  author = "Wittel, Gregory L. and Wu, S. Felix",
  title = "On Attacking Statistical Spam Filters",
  booktitle = "Proceedings of the First Conference on Email and Anti-Spam ({CEAS})",
  year = "2004",
}

@InProceedings{emulab,
    Author = {Brian White and Jay Lepreau and Leigh Stoller and
              Robert Ricci and Shashi Guruprasad and Mac Newbold and
              Mike Hibler and Chad Barb and Abhijeet Joglekar},
    Title={An Integrated Experimental Environment
             for Distributed Systems and Networks},
        booktitle = OSDI02,
	organization = USENIXASSOC,
        address = {Boston, MA},
        month  = dec,
        year   = 2002,
	pages  = "255--270"
}

