@inproceedings{Alvaro2011,
  author =       {Alvaro, Peter and others},
  booktitle =    {CIDR},
  title =        {{Consistency Analysis in Bloom: a CALM and Collected
                  Approach}},
  year =         2011
}

@inproceedings{Ameloot2011,
  author =       {Ameloot, Tom J. and others},
  booktitle =    {PODS},
  title =        {{Relational transducers for declarative networking}},
  url =          {http://portal.acm.org/citation.cfm?id=1989284.1989321},
  year =         2011
}

@incollection{dedalus,
  author =       {Alvaro, Peter and others},
  affiliation =  {University of California, Berkeley, USA},
  title =        {Dedalus: Datalog in Time and Space},
  booktitle =    {Datalog Reloaded},
  publisher =    {Springer Berlin / Heidelberg},
  isbn =         {978-3-642-24205-2},
  url =          {http://dx.doi.org/10.1007/978-3-642-24206-9_16},
  year =         2011
}

@article{Hellerstein2010,
  author =       {Hellerstein, Joseph M},
  journal =      {SIGMOD Record},
  number =       1,
  pages =        {5--19},
  title =        {{The Declarative Imperative: Experiences and Conjectures in
                  Distributed Logic}},
  volume =       39,
  year =         2010
}

@incollection{statelog,
author = {Lausen, Georg and Lud\"{a}scher, Bertram and May, Wolfgang},
booktitle = {Transactions and Change in Logic Databases},
publisher = {Springer},
title = {{On Active Deductive Databases: The Statelog Approach}},
year = {1998}
}

@inproceedings{Terry1994,
author = {Terry, Douglas B and Demers, Alan J and Petersen, Karin and Spreitzer, Mike J and Theimer, Marvin M and Welch, Brent B},
booktitle = {International Conference on Parallel and Distributed Information Systems},
title = {{Session guarantees for weakly consistent replicated data}},
url = {http://ieeexplore.ieee.org/lpdocs/epic03/wrapper.htm?arnumber=331722},
year = {1994}
}

@techreport{Shapiro2011a,
  author =       {Shapiro, Marc and others},
  institution =  {INRIA},
  title =        {A Comprehensive Study of Convergent and Commutative Replicated
                  Data Types},
  url =          {http://hal.archives-ouvertes.fr/inria-00555588/},
  year =         2011,
  number =       {RR-7506},
}

@inproceedings{Shapiro2011b,
  author =       {Shapiro, Marc and others},
  booktitle =    {International Symposium on Stabilization, Safety, and
                  Security of Distributed Systems},
  title =        {Conflict-free Replicated Data Types},
  year =         2011
}

@techreport{Conway2012,
author = {Conway, Neil and Marczak, William R and Alvaro, Peter and Hellerstein, Joseph M and Maier, David},
institution = {EECS Department, University of California, Berkeley},
month = jun,
number = {UCB/EECS-2012-167},
title = {{Logic and Lattices for Distributed Programming}},
url = {http://www.eecs.berkeley.edu/Pubs/TechRpts/2012/EECS-2012-167.html},
year = {2012}
}
