%$Id: bibliography.bib,v 1.9 2004/11/01 21:19:49 sriram_s Exp $

@String{mobicom97 = {Proceedings of the Third Annual {ACM/IEEE} International
                  Conference on {M}obile Computing and Networking}}
@String{mobicom97addr = {Budapest, Hungary}}

% SOSP Declarations
@String{sosp1995 = {Proceedings of the Fifteenth {ACM} Symposium on
                  Operating Systems Principles}}
@String{sigops = {ACM SIGOPS}}
@String{sosp1995addr = {Copper Mountain Resort, {CO}, {USA}}}

@String{sosp97 = {Proceedings of the Sixteenth {ACM} Symposium on
                  Operating Systems Principles}}
@String{sosp97addr = {Saint Malo, France}}

@String{sosp99 = {Proceedings of the Seventeenth {ACM} Symposium on
                  Operating Systems Principles}}
@String{sosp99addr = {Kiawah Island, SC, USA}}

@String{sosp2001 = {Proceedings of the Eighteenth {ACM} Symposium on
                  Operating Systems Principles}}
@String{sosp2001short = {18th {ACM} Symp.\ on Operating Systems Principles}},
@String{sosp2001addr = {Chateau Lake Louise, Banff, {AB}, Canada}}

@String{sosp2003 = {Proceedings of the Nineteenth {ACM} Symposium on
                  Operating Systems Principles}}
@String{sosp2003addr = {Bolton Landing, {NY}, {USA}}}

@String{iptps2002 = {Proceedings of the First International
  Peer To Peer Systems Workshop (IPTPS 2002)}}
@String{iptps2002addr = {Cambridge, MA, USA}}
@String{sigcomm2002 = {Proceedings of the Conference on Applications,
                  Technologies, Architectures, and Protocols for
                  Computer Communications}}
@String{ccs1993 = {Proceedings of the 1st ACM Conference on Computer and
                  Communications Security}}
@String{ccs1993addr = {Fairfax, VA, USA}}


@InProceedings{King2002,
  author =	 {Krishna P. Gummadi and Stefan Saroiu and Steven D. Gribble},
  title =	 {{King: Estimating Latency between Arbitrary Internet End Hosts}},
  booktitle =	 {Proceedings of SIGCOMM IMW },
  year =	 {2002},
  month =	 nov,
  address =	 {{Marseille}, {France}},
}
@InProceedings{Boon,
  author =	 {Boon Thau Loo and Ryan Huebsch and Ion Stoica and Joseph M. Hellerstein},
  title =	 {{The Case for a Hybrid P2P Search Infrastructure}},
  booktitle =	 {3rd International Workshop on Peer-to-Peer Systems (IPTPS)},
  year =	 {2004},
  month =	 feb,
  address =	 {{San Diego}, {CA}, {USA}},
}




@InProceedings{Castro2002,
  author =	 {Miguel Castro and Peter Druschel and Ayalvadi Ganesh
                  and Antony Rowstron and Dan S. Wallach},
  title =	 {{Secure Routing for Structured Peer-to-Peer Overlay
                  Networks}},
  booktitle =	 {Proceedings of the 5th Usenix Symposium on Operating
                  Systems Design and Implementation},
  year =	 {2002},
  month =	 dec,
  pages =	 {299--314},
  address =	 {{Boston}, {MA}, {USA}},
}

@InProceedings{Castro2002short,
  author =	 {M. Castro and P. Druschel and A. Ganesh
                  and A. Rowstron and D. S. Wallach},
  title =	 {{Secure Routing for Structured Peer-to-Peer Overlay
                  Networks}},
  booktitle =	 {{OSDI}},
  year =	 {2002},
}


@InProceedings{Rowstron2001,
  author = 	 {Antony Rowstron and Peter Druschel},
  title = 	 {{Pastry: Scalable, distributed object location and routing for larg-scale peer-to-peer systems}},
  booktitle = 	 {Proceedings of IFIP/ACM Middleware 2001},
  OPTpages = 	 {},
  year =	 {2001},
  address =	 {Heidelberg, Germany},
  month =	 nov,
}

@InProceedings{Rowstron2001short,
  author = 	 {A. Rowstron and P. Druschel},
  title = 	 {{Pastry: Scalable, distributed object location and routing for large-scale peer-to-peer systems}},
  booktitle = 	 {IFIP/ACM Middleware},
  OPTpages = 	 {},
  year =	 {2001},
}



@InProceedings{Rhea2004,
  author =       {Rhea, Sean and Geels, Dennis and Roscoe, Timothy and
                  Kubiatowicz, John},
  title =        {{Handling Churn in a DHT}},
  booktitle =	 {Proceedings of the Usenix Annual Technical Conference},
  year =	 {2004},
  month =        jun,
  address =	 {{Boston}, {MA}, {USA}},
}


@InProceedings{Rhea2004short,
  author =       {Rhea, S. and Geels, D. and Roscoe, T. and
                  Kubiatowicz, J.},
  title =        {Handling Churn in a {DHT}},
  booktitle =	 {USENIX},
  year =	 {2004},
}



@InProceedings{Singh2004,
  author = 	 {Atul Singh and Miguel Castro and Peter Druschel and Antony Rowstron},
  title = 	 {{Defending against Eclipse attacks on overlay networks}},
  booktitle =	 {{Proceedings of the 11th ACM SIGOPS European Workshop}},
  pages =	 {115--120},
  year =	 {2004},
  OPTeditor = 	 {},
  OPTvolume = 	 {},
  OPTnumber = 	 {},
  OPTseries = 	 {},
  address =	 {Leuven, Belgium},
  month =	 sep,
  organization = {ACM SIGOPS},
  OPTpublisher = {},
  OPTnote = 	 {},
  OPTannote = 	 {}
}

@InProceedings{Singh2004short,
  author =	 {A. Singh and M. Castro and P. Druschel and
                  A. Rowstron},
  title =	 {{Defending against Eclipse attacks on overlay
                  networks}},
  booktitle =	 {{SIGOPS European Workshop}},
  year =	 {2004},
}


@InProceedings{Huebsch2003,
  author =	 {Huebsch, Ryan and Hellerstein, Joseph M. and Lanham,
                  Nick and Boon Thau Loo and Scott Shenker and Ion
                  Stoica},
  title =	 {{Querying the Internet with PIER}},
  booktitle =	 {Proceedings of the 29th VLDB Conference},
  OPTpages =	 {},
  year =	 {2003},
  address =	 {Berlin, Germany},
  month =	 sep,
  OPTnote =	 {},
  OPTannote =	 {}
}

@InProceedings{Huebsch2003short,
  author =	 {Huebsch, R. and Hellerstein, J. M. and Lanham,
                  N. and B. T. Loo and S. Shenker and I.
                  Stoica},
  title =	 {{Querying the Internet with PIER}},
  booktitle =	 {VLDB},
  year =	 {2003},
}


@InProceedings{Cachin2000,
  author =	 {Christian Cachin and Klaus Kursawe and Victor
                  Shoup},
  title =	 {{Random Oracles in Constantinople: Practical
                  Asynchronous Byzantine Agreement using
                  Cryptography}},
  booktitle =	 {Proceedings of the 19th {ACM} Symposium on
                  Principles of Distributed Computing ({PODC} 2000)},
  pages =	 {123--132},
  year =	 {2000},
  address =	 {Portland, OR, {USA}},
  month =	 jul,
  organization = {{ACM}},
}


@InProceedings{Cachin2000short,
  author =	 {C. Cachin and K. Kursawe and V.
                  Shoup},
  title =	 {{Random Oracles in Constantinople: Practical
                  Asynchronous Byzantine Agreement using
                  Cryptography}},
  booktitle =	 {PODC},
  year =	 {2000},
}


@InProceedings{Davis1996,
  author = 	 {Don Davis},
  title = 	 {{Compliance Defects in Public-Key Cryptography}},
  booktitle =	 {Proceedings of the 6th USENIX Security Symposium},
  pages =	 {171--178},
  year =	 {1996},
  month =        jul,
  address =	 {{San Jose}, {CA}, {USA}},
}

@InProceedings{Davis1996short,
  author = 	 {D. Davis},
  title = 	 {{Compliance Defects in Public-Key Cryptography}},
  booktitle =	 {USENIX Security},
  year =	 {1996},
}

@InProceedings{Maniatis2002b,
  author =	 {Petros Maniatis and Mary Baker},
  title =	 {{Secure History Preservation Through Timeline
                  Entanglement}},
  booktitle =	 {Proceedings of the 11th USENIX Security Symposium},
  pages =	 {297--312},
  year =	 {2002},
  address =	 {San Francisco, {CA}, {USA}},
  month =	 aug,
}

@InProceedings{Maniatis2002bshort,
  author =	 {P. Maniatis and M. Baker},
  title =	 {{Secure History Preservation Through Timeline
                  Entanglement}},
  booktitle =	 {USENIX Security},
  year =	 {2002},
}

@InProceedings{Wallach2002,
  author =	 {Dan Wallach},
  title =	 {{A Survey of Peer-to-Peer Security Issues}},
  booktitle =	 {International Symposium on Software Security},
  year =	 {2002},
}


@InProceedings{Wallach2002short,
  author =	 {D. Wallach},
  title =	 {{A Survey of Peer-to-Peer Security Issues}},
  booktitle =	 {Intl. Symp. on Software Security},
  year =	 {2002},
}

@InProceedings{Sit2002,
  author =	 {Emil Sit and Robert Morris},
  title =	 {{Security Considerations for Peer-to-Peer Distributed Hash Tables}},
  booktitle =	 iptps2002,
  year =	 {2002},
  address =	 iptps2002addr,
  month =	 mar,
}


@InProceedings{Sit2002short,
  author =	 {E. Sit and R. Morris},
  title =	 {{Security Considerations for Peer-to-Peer Distributed Hash Tables}},
  booktitle =	 {IPTPS},
  year =	 {2002},
}

@InProceedings{Douceur2002,
  author =	 {John Douceur},
  title =	 {{The Sybil Attack}},
  booktitle =	 {Proceedings of the 1st International Workshop on
                  Peer-to-Peer Systems},
  pages =	 {251--260},
  year =	 {2002},
  address =	 {Boston, MA, USA},
  month =	 mar
}


@InProceedings{Douceur2002short,
  author =	 {J. Douceur},
  title =	 {{The Sybil Attack}},
  booktitle =	 {1st Intl.\ Workshop on
                  Peer-to-Peer Systems},
  year =	 {2002},
}

@InProceedings{Ellison1996,
  author = 	 {Carl M. Ellison},
  title = 	 {{Establishing Identity Without Certification Authorities}},
  booktitle = 	 {Proceedings of the 6th USENIX Security Symposium},
  pages =	 {67--76},
  year =	 {1996},
  address =	 {San Jose, {CA}, {USA}},
  month =	 jul,
  organization = {USENIX Association},
}

@InProceedings{Ellison1996short,
  author = 	 {C. Ellison},
  title = 	 {{Establishing Identity Without Certification Authorities}},
  booktitle = 	 {USENIX Security},
  year =	 {1996},
}

@InProceedings{Liben2002short,
  author =	 {D. Liben-Nowell and H. Balakrishnan and D. Karger},
  title =	 {{Observations on the Dynamic Evolution of Peer-to-peer Networks}},
  booktitle =	 {IPTPS},
  year =	 {2002},
}


