
@book{abiteboul95, 
  author="S. Abiteboul and R. Hull and V. Vianu",
  title={Foundations of Databases},
  year="1995",
  publisher="Addison Wesley"
}


@inproceedings{attig05,
  title={SIFT: Snort Intrusion Filter for {TCP}},
  author={Michael Attig and John W. Lockwood},
  booktitle={{IEEE} Symposium on High Performance Interconnects ({HotI-13})},
  month=aug,
  year=2005
}


@inproceedings{barletros07,
  title={Load Shedding in Network Monitoring Applications},
  author="Pere Barlet-Ros and Gianluca Iannaccone and Josep Sanjuas-Cuxart and Diego Amores-Lopez and Josep Sole-Pareta",
  booktitle={USENIX Annual Technical Conference},
  month="June",
  year="2007"
}

@inproceedings{ dash06,
  author = "Denver Dash and Branislav Kveton and John Mark Agosta and Eve Schooler and Jaideep Chandrashekar and Abraham Bachrach and Alex Newman",
  title = "When Gossip is Good: Distributed Probabilistic Inference for Detection of Slow Network Intrusions",
  booktitle = "Proceedings of the 21st National Conference on Artificial Intelligence",
  pages = "1115-1122",
  year = "2006"
}

@inproceedings{dean04,
  author="J. Dean and S. Ghemawat",
  title={{MapReduce}: Simplified Data Processing on Large Clusters}, 
  booktitle="Sixth Symposium on Operating System Design and Implementation",
  month="December", 
  year="2004"
} 

@inproceedings{detreville02,
  author="J. DeTreville",
  title={Binder, a logic-based security language},
  booktitle="Microsoft Technical Report MSR-TR-2002-21", 
  month="March",
  year="2002"
}

@inproceedings{feamster05,
  author="N. Feamster and H. Balakrishnan",
  title={Correctness Properties for Internet Routing},
  booktitle="Forty-third Annual Allerton Conference on Communication, Control, and Computing",
  month="September",
  year="2005"
}

@inproceedings{freedman06,
  title = {{OASIS}: Anycast for Any Service},
  author = {Michael J. Freedman and Karthik Laskhminarayanan and David Mazi{\`e}res},
  booktitle = {Proceedings of the 3rd Symposium on Networked Systems Design and Implementation},
  year = {2006},
  month = {May},
}

@inproceedings{grimm06,
  author = {Robert Grimm},
  title = {Better extensibility through modular syntax},
  booktitle = {Proceedings of the 2006 ACM SIGPLAN conference on Programming language design and implementation},
  year = {2006},
  month = "June",
  pages = {38--51},
 }


@inproceedings{grimm05,
  author="R. Grimm",
  title={Systems Need Languages Need Systems!},
  booktitle="2nd ECOOP Workshop on Programming Languages and Operating Systems", 
  month="July",
  year="2005"
} 

@inproceedings{ gupta97,
  author = "Gopal Gupta and Enrico Pontelli",
  title = {Extended dynamic dependent {And}-{Parallelism} in {ACE}},
  booktitle="Proceedings of the second international symposium on parallel symbolic computation",
  pages = "68--79",
  year = "1997",
}

@article{ gupta01,
  author = "Gopal Gupta and Enrico Pontelli and Khayri A. M. Ali and Mats Carlsson and Manuel V. Hermenegildo",
  title = {Parallel execution of {Prolog} programs: a survey},
  journal = "Programming Languages and Systems",
  volume = "23",
  number = "4",
  pages = "472-602",
  year = "2001"
}

@inproceedings {hellerstein07,
  author = "Joseph M. Hellerstein and Tyson Condie and Minos N. Garofalakis and Boon Thau Loo and Petros Maniatis and Timothy Roscoe and Nina Taft",
  title = {Public Health for the Internet (PHI)},
  booktitle = {Proceedings of the Third Biennial Conference on Innovative Data Systems Research},
  pages = "332-340",
  month = "January",
  year = "2007"
}

@inproceedings{hermenegildo90,
  author="M.V. Hermengildo and K.J. Greene",
  title={\&-Prolog and its Performance: Exploiting Independent AND-Parallelism},
  booktitle="Proceedings of the 7th International Conference on Logic
Programming",
  month="June",
  pages="221-235",
  year=1990 
}


@inproceedings{hermenegildo95,
  author = "Manuel V. Hermenegildo and Daniel Cabeza Gras and Manuel Carro",
  title = {Using Attributed Variables in the Implementation of Concurrent and Parallel Logic Programming Systems},
  booktitle = "International Conference on Logic Programming",
  pages = "631-645",
  year = "1995" 
}

@inproceedings{hirzel07,
  author="Martin Hirzel and Robert Grimm",
  title="Jeannie: Granting Java native interface developers their wishes",
  booktitle="Proceedings of the 2007 ACM SIGPLAN Conference on Object-Oriented Programming, Systems, Languages and Applications", 
  month="October", 
  year="2007"
} 

@inproceedings{huebsch03,
  author={Ryan Huebsch and Joseph M. Hellerstein and Nick Lanham and Boon Thau Loo and Scott Shenker and Ion Stoica},
  title = {Querying the Internet with {PIER}},
  booktitle =    "Proceedings of 19th International Conference on Very Large Databases",
  year = "2003"
}

@techreport{huang06,
    Author = {Ling Huang and Xuanlong Nguyen and Minos Garofalakis and Michael Jordan and Anthony D. Joseph and Nina Taft},
    Title = {Distributed {PCA} and {Network Anomaly Detection}},
    Institution = {EECS Department, University of California, Berkeley},
    Year = {2006},
    Month = {July},
    URL = {http://www.eecs.berkeley.edu/Pubs/TechRpts/2006/EECS-2006-99.html},
    Number = {UCB/EECS-2006-99}
}

@inproceedings{huang07,
  author = {Ling Huang and XuanLong Nguyen and Minos N. Garofalakis and Joseph M. Hellerstein and Michael I. Jordan and Anthony D. Joseph and Nina Taft},
  title = {Communication-Efficient Online Detection of Network-Wide Anomalies},  booktitle = {INFOCOM},
  pages = {134-142},
  publisher = {IEEE},
  month = {June},
  year = {2007},
}



@techreport{iannaccone04,
  author = {Gianluca Iannaccone and Christophe Diot and Derek McAuley and Andrew Moore and Ian Pratt and Luigi Rizzo},
  title = {The CoMo White Paper},
  institution = "Intel Research", 
  month = "September", 
  year = "2004",
  number = {IRC-TR-04-17}
}

@inproceedings{isard07,
   author =	{Michael Isard and Mihai Budiu and Yuan Yu and Andrew Birrell and Dennis Fetterly},
   title =	{{Dryad}: Distributed Data-Parallel Programs from Sequential Building Blocks},
   booktitle =	{European Conference on Computer Systems (EuroSys)},
   pages =	{59--72},
   month =	{March 21-23},
   year =	{2007},
}

@inproceedings{jannotti06,
  author="J. Jannotti and K. Pamnany",
  title={Safe at Any Speed: Fast, Safe Parallelism in Servers},
  booktitle="Second Workshop on Hot Topics in System Dependability", 
  month="November",
  year="2006"
}

@inproceedings{kim04,
 author = {Hyang-Ah Kim and Brad Karp},
 title = {Autograph: toward automated, distributed worm signature detection},
 booktitle = {SSYM'04: Proceedings of the 13th conference on USENIX Security Symposium},
 year = {2004},
 }

@article{kohler00,
  title = {The Click modular router},
  author = {Eddie Kohler and Robert Morris and Benjie Chen and John Jannotti and
M. Frans Kaashoek},
  journal = {{ACM} Transactions on Computer Systems},
  volume = {18},
  number = {3},
  year = {2000},
  month = {August},
  pages = {263--297},
}

@book{kowalski79, 
  author="R.A. Kowalski",
  title={Logic for Problem Solving},
  year=1979,
  publisher="Prentice Hall",
}

@inproceedings{lee98,
  author = "Wenke Lee and Salvatore Stolfo",
  title = "Data mining approaches for intrusion detection",
  booktitle = "Proceedings of the 7th {USENIX} Security Symposium",
  year = "1998",
}

@inproceedings{loo05,
  author="B.T. Loo and T. Condie and J.M. Hellerstein and  P. Maniatis and T. Roscoe and I. Stoica",
  title={Implementing Declarative Overlays},
  booktitle = {Proceedings of the twentieth ACM Symposium on Operating systems principles},
  month = {December},
  pages = {75--90},
  volume = {39},
  year = {2005}
}

@inproceedings{loo06,
  author="B.T. Loo and T. Condie and M. Garofalakis and D.A. Gay and J.M. Hellerstein and P. Maniatis and R. Ramakrishnan and T. Roscoe and I. Stoica",
  title={Declarative Networking: Language, Execution and Optimization},
  booktitle="{Proceedings of ACM-SIGMOD International Conference on Management of Data}", 
  year=2006
}

@inproceedings{morris01,
   author =       "Robert Morris and David Karger and Frans Kaashoek and Hari Balakrishnan",
   title =        "{Chord: A Scalable Peer-to-Peer Lookup Service for Internet Applications}",
   booktitle =    {ACM SIGCOMM 2001},
   pages = "149--160",
   year =         {2001},
   month =        {September},
}

@article{park06,
  author =       "KyoungSoo Park and Vivek S. Pai",
  title =        "{CoMon}: a mostly-scalable monitoring system for
                 {PlanetLab}",
  journal =      "Operating Systems Review",
  volume =       "40",
  number =       "1",
  pages =        "65--74",
  month =        jan,
  year =         "2006",
}


@article{ paxson99,
  author = "Vern Paxson",
  title = "Bro: a system for detecting network intruders in real-time",
  journal = "Computer Networks (Amsterdam, Netherlands: 1999)",
  volume = "31",
  number = "23--24",
  pages = "2435--2463",
  year = "1999",
}


@inproceedings{roscoe02,
  title =  {InfoSpect: Using a Logic Language for System Health Monitoring in Distributed Systems}, 
  author = "Timothy Roscoe and Richard Mortier and Paul Jardetzky and Steven Hand",
  booktitle="Proceedings of the 2002 ACM SIGOPS European Workshop", 
  month="September", 
  year="2002"
}

@inproceedings{spring03,
  author="N. Spring and D. Wetherall and T. Anderson ",
  title={Scriptroute: A Public Internet Measurement Facility},  
  booktitle="USENIX Symposium on Internet Technologies and Systems (USITS)", 
  year="2003"
} 

@inproceedings{wang04,
  author="H. J. Wang and C. Guo and D. R. Simon and A. Zugenmaier", 
  title={Shield: Vulnerability-Driven Network Filters for Preventing Known Vulnerability Exploits},
  booktitle="{Proceedings of the 2004 ACM SIGCOMM}",
  month="August", 
  year="2004", 
} 

@inproceedings{wawrzoniak03,
  title={Sophia: An Information Plane for Networked Systems}, 
  author="Mike Wawrzoniak and Larry Peterson and Timothy Roscoe", 
  booktitle="Proceedings of the 2nd Workshop on Hot Topics in Networks (HotNets-II)", 
  month="November",
  year="2003"
}

@Article{ArpaciDusseau03,
           title = "{Run-Time Adaptation in River}",
          author = "Remzi H. Arpaci-Dusseau",
         journal = "ACM Transactions on Computer Systems (TOCS)",
           pages = "36--86",
           month = "February",
          volume = "21",
          number = "1",
            year = "2003",
}

@inproceedings{King2005,
  author    = {Samuel T. King and
               Zhuoqing Morley Mao and
               Dominic G. Lucchetti and
               Peter M. Chen},
  title     = {Enriching Intrusion Alerts Through Multi-Host Causality.},
  booktitle = {NDSS},
  year      = {2005},
}

@inproceedings{Tucek2006,
  author =	 {Joseph Tucek and Shan Lu and Chengdu Huang and Spiros
                  Xanthos and Yuanyuan Zhou},
  title =	 {{Automatic Online Failure Diagnosis at the End-User
                  Site}},
  booktitle =	 {HotDep},
  year =	 {2006}
}

