@string{nsdi = "Proceedings of USENIX Networked Systems Design and Implementation (NSDI)"}
@string{atc = "Proceedings of USENIX Annual Technical Conference"}
@string{sosp = "Proceedings of ACM Symposium on Operating System Principles (SOSP)"}
@string{hotos = "Proceedings of USENIX Hot Topics in Operating System (HotOS)"}
@String{sosp2005 = {Proceedings of the Twentieth {ACM} Symposium on
                  Operating Systems Principles}}
@String{sosp2005addr = {Brighton, {UK}}}
@string{ietf="{IETF}"}
@string{osdi = "Proceedings of USENIX Operating System Design and Implementation (OSDI)"}
@string{sigcomm = "Proceedings of ACM Special Interest Group On Data Communications (SIGCOMM)"}

@inproceedings{blackbox-sosp03,
  author    = {Marcos Kawazoe Aguilera and
               Jeffrey C. Mogul and
               Janet L. Wiener and
               Patrick Reynolds and
               Athicha Muthitacharoen},
  title     = "{Performance Debugging for Distributed Systems of Black Boxes.}",
  booktitle = sosp,
  year      = {2003},
  address = "{Bolton Landing, NY, USA}",
  month     = oct
}

@inproceedings{magpie-osdi04,
  author    = "Paul Barham and
               Austin Donnelly and
               Rebecca Isaacs and
               Richard Mortier",
  title     = "{Using Magpie for Request Extraction and Workload Modelling.}",
  booktitle = osdi,
  year      = {2004},
  address = "{San Francisco, CA, USA}",
  month = dec
}

@inproceedings{bates-83,
  author =	 "P.C. Bates and J.C. Wileden and V.R Lesser",
  title =	 "{A Debugging Tool for Distributed Systems}",
  booktitle =	 "Proceedings of the Second Annual Phoenix Conference on
                  Computers and Communications",
  address =	 {Phoenix, AZ, USA},
  year =	 "1983"
}


@inproceedings{causeway-hotos05,
   author = "Anupam Chanda and Khaled Elmeleegy and Alan Cox and Willy Zwaenepoel",
   title = "{Causeway: System Support for Controlling and Analyzing the Execution of Distributed Programs}",
   booktitle = hotos,
   address = "{Santa Fe, NM, USA}",
   year = 2005,
   month = jun
}

@article{Chandy1985,
  author =	 {K. Mani Chandy and Leslie Lamport},
  title =	 {{Distributed Snapshots: Determining Global States of
                  Distributed Systems}},
  journal =	 {ACM Transactions on Computer Systems},
  volume =	 {3},
  number =	 {1},
  year =	 {1985},
  pages =	 {63--75},
  publisher =	 {ACM Press},
  address =	 {New York, NY, USA},
}



@inProceedings{chen-path-04,
  author = "Mike Y. Chen and Anthony Accardi and Emre K{\i}c{\i}man and Jim Lloyd and Dave Patterson and Armando Fox and Eric Brewer",
  title = "{Path-based Failure and Evolution Management}",
  booktitle = nsdi,
  address = "{San Francisco, CA, USA}",
  month = mar,
  year = 2004
}

@inproceedings{conradie-sdne,
   author = "Leander Conradie and Maria-Athina Mountzia",
   title = "{A Relational Model for Distributed Systems Monitoring using Flexible agents}",
   booktitle = "Proceedings of IEEE Workshop on Services in Distributed and Networked Environments (SDNE)",
   address = "{Hong Kong}",
   year = 1996
}


@inproceedings{hy+,
   author = "Mariano Consens and Masum Hasan and Alberto Mendelzon",
   title = "{Using Hy+ for Network Management and Distributed Debugging}",
   booktitle = "Proceedings of Centre for Advanced Studies on Collaborative research: software engineering",
   year = 1993,
   month = nov,
   pages = "450-471",
   address = "{Toronto, Ontario, Canada}"
}

@article{Crawford1995,
  author =	 {Richard H. Crawford and Ronald A. Olsson and W. Wilson
                  Ho and Christopher E. Wee},
  title =	 "{Semantic Issues in the Design of Languages for
                  Debugging}",
  journal =	 {Computer Languages},
  volume =	 {21},
  number =	 {1},
  year =	 {1995},
  pages =	 {17--37},
  publisher =	 {Pergamon Press, Inc.},
  address =	 {Tarrytown, NY, USA},
}

@InProceedings{Geels2006,
   author = {Dennis Geels and Gautam Altekar and Scott Shenker and Ion Stoica},
   title = "{{Replay Debugging for Distributed Applications}}",
   booktitle = {Proceedings of the USENIX Annual Technical Conference},
   year = 2006,
   address = "{Boston, MA, USA}",
   month = may
}

@inProceedings{harris-EW02,
  author = "Timothy L. Harris",
  title = "{Dependable Software Needs Pervasive Debugging (Extended Abstract)}",
  booktitle = "Proceedings of ACM SIGOPS European Workshop",
  address = "{Saint-Emilion, France}",
  year = "2002",
  month = sep
}

@InProceedings{Hollingsworth_sc_1995,
  author = 	 {Jefferely Hollingsworth and Barton Miller},
  title = 	 "{Dynamic Control of Performance Monitoring of Large Scale Parallel Systems}",
  booktitle =	 "{Proceedings of Super Computing (SC)}",
  year =	 1993,
  address =	 {Tokyo, Japan},
  month =	 jul
}

@InProceedings{Huang_hpdc_2005,
  author = 	 {An-Cheng Huang and Peter Steenkiste},
  title = 	 "{Building Self-adapting Services Using Service-specific Knowledge}",
  booktitle =	 "{Proceedings of IEEE High Performance Distributed Computing (HPDC)}",
  year =	 2005,
  address =	 {Research Triangle Park, NC, USA},
  month =	 jul
}

@Misc{IBM_web:website,
  author =	 {{IBM Websphere XD}},
  howpublished = {\url{http://www-306.ibm.com/common/ssi/fcgi-bin/ssialias?infotype=an&subtype=ca&htmlfid=897/ENUS206-010}},
  month =	 jan,
  year =	 2006
}

@InProceedings{Kiciman_hotdep_2005,
  author = 	 {Emre Kiciman and Lakshminarayanan Subramanian},
  title = 	 "{A Root Cause Localization Model for Large Scale Systems}",
  booktitle =	 {Proceedings of USENIX Hot Topics On Dependability (HotDep)},
  year =	 2005,
  address =	 {Yokohama, Japan},
  month =	 jun
}

@inproceedings{King2003,
 author = {Samuel T. King and Peter M. Chen},
 title = "{Backtracking Intrusions}",
 booktitle = sosp,
 address = "{Bolton Landing, NY, USA}",
 month = oct,
 year = {2003},
}

@article{click-tocs,
  author    = {Eddie Kohler and
               Robert Morris and
               Benjie Chen and
               John Jannotti and
               M. Frans Kaashoek},
  title     = {The {C}lick modular router.},
  journal   = {ACM Transaction on Computer Systems},
  volume    = {18},
  number    = {3},
  year      = {2000},
}

@inproceedings{wids-hotos05,
   author = "Shiding Lin and Aimin Pan and Zheng Zhang",
   title = "{WiDS: an Integrated Toolkit for Distributed System Developement}",
   booktitle = hotos,
   address = "{Santa Fe, NM, USA}",
   year = 2005,
   month = jun
}

@InProceedings{Loo2005SOSP,
  author =	 {Boon Thau Loo and Tyson Condie and Joseph
                  M. Hellerstein and Petros Maniatis and Timothy Roscoe
                  and Ion Stoica},
  title =	 {{Implementing Declarative Overlays}},
  booktitle =	 sosp,
  address = sosp2005addr,
  year =	 {2005},
  month = oct
}


@inProceedings{mahajan-sigcomm02,
  author = "Ratul Mahajan and David Wetherall and Tom Anderson",
  title = "{Understanding BGP Misconfiguration}",
  booktitle = sigcomm,
  address = "{Pittsburg, PA, USA}",
  year = "2002",
  month = aug
}


@InProceedings{pip_nsdi_2006,
   author = {Patrick Reynolds and Janet L. Wiener and Jeffrey C. Mogul and Mehul A. Shah and Charles Killian and Amin Vahdat},
   title = "{Pip: Detecting the Unexpected in Distributed Systems}",
   booktitle = nsdi,
   year = 2006,
   address = {San Jose, CA, USA},
   month = may
}

@article{snodgrass-tocs,
   author = "Richard Snodgrass",
   title = "{A Relations Approach to Monitoring Complex Systems}",
   journal = {IEEE Transactions on Computer Systems},
   volume = {6},
   number = 2,
   year = 1988,
   pages = "157-196"
}

@article{Stoica2003,
  author =	 {Ion Stoica and Robert Morris and David Liben-Nowell
                  and David R.\ Karger and M.\ Frans Kaashoek and Frank
                  Dabek and Hari Balakrishnan},
  title =	 "{Chord: A Scalable Peer-to-peer Lookup Protocol for
                  Internet Applications}",
  journal =	 {IEEE/ACM Transactions of Networking},
  volume =	 {11},
  number =	 {1},
  year =	 {2003},
  issn =	 {1063-6692},
  pages =	 {17--32},
  doi =		 {http://dx.doi.org/10.1109/TNET.2002.808407},
  publisher =	 {IEEE Press},
}

@inproceedings{wang-osdi04,
  author    = "Helen J. Wang and John C. Platt and Yu Chen and Ruyun Zhang and Yi-Min Wang",
  title     = "{Automatic Misconfiguration Troubleshooting with PeerPressure}",
  booktitle = osdi,
  year      = {2004},
  address = "{San Francisco, CA, USA}",
  month = dec
}

@inproceedings{chronus-osdi04,
  author    = "Andrew Whitaker and Richard Cox and Steven Gribble",
  title     = "{Configuration Debugging as Search: Finding the Needle in the Haystack}",
  booktitle = osdi,
  year      = {2004},
  address = "{San Francisco, CA, USA}",
  month = dec
}

@article{wolfson-ieee91,
   author = "Ouri Wolfson and Soumitra Sengupta and Yechiam Yemini",
   title = "{Managing Communication Networks by Monitoring Databases}",
   journal = {IEEE Transactions on Software Engineering},
   volume = "17",
   number = "9",
   year = "1991",
   pages = "944-953"
}

