@misc{aster,
  title =        "Aster $n${Cluster} In-Database {MapReduce}: Deriving
                  Deep Insights from Large Datasets",
  author =       "Ajeet Singh",
  note =
                  "\smallurl{http://www.asterdata.com/resources/downloads/whitepapers/Aster_MapReduce_Technical_Whitepaper.pdf}",
  year =         2009
}

@inproceedings{bddbddb,
  author =       {Monica S. Lam and others},
  title =        {Context-Sensitive Program Analysis as Database
                  Queries},
  booktitle =    {PODS},
  year =         2005,
}

@inproceedings{netdb-declare,
  Author =       {Peter Alvaro and others},
  Title =        {{I Do Declare}: Consensus in a Logic Language},
  booktitle =    {NetDB},
  Year =         2009
}

@techreport{boom-techr,
  Author =       {Peter Alvaro and others},
  Title =        {{BOOM}: Data-Centric Programming in the Datacenter},
  Institution =  {EECS Department, University of California, Berkeley},
  Year =         2009,
  Month =        {Jul},
  Number =       {UCB/EECS-2009-113},
}

@article{brewer-giant,
  author =       "Eric A. Brewer",
  title =        "Lessons from Giant-Scale Services",
  journal =      "IEEE Internet Computing",
  volume =       5,
  number =       4,
  year =         2001
}

@article{chandylamport,
  author =       {Chandy, K. Mani and Lamport, Leslie},
  title =        {Distributed snapshots: determining global states of
                  distributed systems},
  journal =      {ACM Trans. Comput. Syst.},
  volume =       3,
  number =       1,
  year =         1985,
  pages =        {63--75},
}

@inproceedings{chubby,
  title =        "The {Chubby} Lock Service for Loosely-Coupled
                  Distributed Systems",
  author =       "Mike Burrows",
  booktitle =    "OSDI",
  year =         2006
}

@inproceedings{chukwa,
  title =        {Chukwa, a large-scale monitoring system},
  booktitle =    {Cloud Computing and its Applications},
  year =         2008,
  month =        {October},
  pages =        {1-5},
  author =       {Jerome Boulon and others}
}

@article{click,
  title =        {The {Click} modular router},
  author =       {Eddie Kohler and others},
  journal =      {{ACM} Transactions on Computer Systems},
  volume =       18,
  number =       3,
  year =         2000,
  month =        {August},
  pages =        {263--297},
}

@article{codd72,
  author =       {E. F. Codd},
  title =        {Relational Completeness of Data Base Sublanguages},
  journal =      {In: R. Rustin (ed.): Database Systems: 65-98,
                  Prentice Hall and IBM Research Report RJ 987, San
                  Jose, California},
  year =         1972,
}

@inproceedings{cornellgames,
  author =       {Walker White and others},
  title =        {Scaling games to epic proportions},
  booktitle =    {SIGMOD},
  year =         2007
}

@misc{disco,
  title =        "disco: massive data -- minimal code",
  author =       "{Nokia Corporation}",
  note =         "\smallurl{http://discoproject.org/}",
  year =         2009
}

@inproceedings{DryadLINQ,
  title =        "{DryadLINQ}: A System for General-Purpose
                  Distributed Data-Parallel Computing Using a
                  High-Level Language",
  author =       "Yuan Yu and others",
  booktitle =    "OSDI",
  year =         2008
}

@book{linq,
 author = {Fabrice Marguerie and others},
 title = {{LINQ} In Action},
 year = {2008},
 publisher = {Manning Publications Co.},
 }

@inproceedings{dryad,
 author = {Michael Isard and others},
 title = {Dryad: distributed data-parallel programs from sequential building blocks},
 booktitle = {EuroSys},
 year = {2007},
 }

@InProceedings{dsn,
  author =       {David Chu and others},
  title =        {{The Design and Implementation of a Declarative
                  Sensor Network System}},
  booktitle =    {SenSys},
  year =         2007
}

@InProceedings{dyna,
  author =       {Jason Eisner and others},
  title =        {Dyna: a declarative language for implementing
                  dynamic programs},
  booktitle =    {ACL},
  year =         2004
}

@inproceedings{dynamo,
  title =        "Dynamo: Amazon's Highly Available Key-value Store",
  author =       "Giuseppe DeCandia and others",
  booktitle =    "SOSP",
  year =         2007
}

@article{estelle,
  Author =       "Budkowski, S. and Dembinski, P.",
  title =        "An introduction to {Estelle}: A specification
                  language for distributed systems",
  journal =      "Computer Networks",
  volume =       14,
  year =         1987
}

@inproceedings{evitaraced,
  author =       {Condie, Tyson and others},
  title =        {{Evita Raced}: metacompilation for declarative
                  networks},
  booktitle =    {VLDB},
  year =         2008
}

@inproceedings{gfs-sosp,
  author =       {Sanjay Ghemawat and others},
  title =        {The {Google} file system},
  booktitle =    {SOSP},
  year =         2003
}

@misc{greenplum,
  title =        "A Unified Engine for {RDBMS} and {MapReduce}",
  author =       "Greenplum",
  note =
                  "\smallurl{http://www.greenplum.com/resources/mapreduce/}",
  year =         2009
}

@misc{hadoop,
  author =       "Owen O'Malley",
  title =        "Hadoop Map/Reduce Architecture",
  month =        jul,
  year =         2006,
  note =         "Presentation,
                  \smallurl{http://wiki.apache.org/hadoop-data/attachments/HadoopPresentations/attachments/HadoopMapReduceArch.pdf}"
}

@inproceedings{hadoopdb,
  title =        "{HadoopDB}: An Architectural Hybrid of {MapReduce}
                  and {DBMS} Technologies for Analytical Workloads",
  year =         2009,
  booktitle =    "VLDB",
  author =       {Azza Abouzeid and others},
}

@misc{hdfs-arch,
  author =       {Dhruba Borthakur},
  title =        {{HDFS} Architecture},
  note =
                  "\smallurl{http://hadoop.apache.org/core/docs/current/hdfs_design.html}",
  year =         2009
}

@inproceedings{hilda,
  author =       "Fan Yang and others",
  title =        "Hilda: A High-Level Language for Data-Driven Web
                  Applications",
  booktitle =    "ICDE",
  year =         2006
}

@inproceedings{hive,
  author = "Ashish Thusoo and others",
  title = "Hive - A Warehousing Solution Over a {Map-Reduce} Framework",
  booktitle = "VLDB",
  year = 2009
}

@misc{jira,
  key =          "LATE Hadoop Jira",
  title =        "Hadoop Jira Issue Tracker",
  note =
                  "\smallurl{http://issues.apache.org/jira/browse/HADOOP}",
  month =        jul,
  year =         2009
}

@inproceedings{joeq,
  title =        "Joeq: A Virtual Machine and Compiler Infrastructure",
  author =       "John Whaley",
  booktitle =    "IVME",
  month =        Jun,
  year =         2003
}

@inproceedings{jones-sosp93,
  author =       {Jones,, Michael B.},
  title =        {Interposition agents: transparently interposing user
                  code at the system interface},
  booktitle =    {SOSP},
  year =         1993,
}

@inproceedings{lampson-ha,
  author =       {Lampson, Butler W.},
  booktitle =    {WDAG '96: Proceedings of the 10th International
                  Workshop on Distributed Algorithms},
  pages =        {1--17},
  publisher =    {Springer-Verlag},
  title =        {How to Build a Highly Available System Using
                  Consensus},
  year =         1996
}

@article{lampsonjacm50,
  author =       {Lampson, Butler W.},
  title =        {Getting computers to understand},
  journal =      {J. ACM},
  volume =       50,
  number =       1,
  year =         2003
}

@inproceedings{late-sched,
  author =       {M. Zaharia and others},
  title =        {Improving {MapReduce} Performance in Heterogeneous Environments},
  booktitle =    {OSDI},
  year =         2008
}

@inproceedings{lbtrust,
  title =        "Declarative Reconfigurable Trust Management",
  author =       "William R. Marczak and others",
  booktitle =    "CIDR",
  year =         2009
}

@inproceedings{li-padl03,
  author =       "N. Li and J.C. Mitchell",
  title =        {{Datalog with Constraints: A Foundation for
                  Trust-management Languages}},
  booktitle =    "International Symposium on Practical Aspects of
                  Declarative Languages",
  year =         2003
}

@inproceedings{loo-sigmod06,
  author =       {Loo, Boon Thau and others},
  title =        {Declarative networking: language, execution and
                  optimization},
  booktitle =    {SIGMOD},
  year =         2006
}

@article{lotos,
  author =       "Bolognesi, T. and Brinksma, E.",
  title =        "Introduction to the {ISO} Specification Language
                  {LOTOS}",
  journal =      "Computer Networks",
  volume =       14,
  year =         1987
}

@book{lynchbook,
  author =       "Nancy A. Lynch",
  title =        "Distributed Algorithms",
  publisher =    "Morgan Kaufmann",
  year =         1997
}

@inproceedings{mace,
  title =        "Mace: Language Support for Building Distributed
                  Systems",
  author =       "Charles Killian and others",
  booktitle =    "PLDI",
  year =         2007
}

@inproceedings{mapreduce-osdi,
  author =       {Jeffrey Dean and Sanjay Ghemawat},
  title =        {{MapReduce}: Simplified Data Processing on Large
                  Clusters},
  booktitle =    {OSDI},
  year =         2004
}

@inproceedings{matview-maintain,
  author =       {Gupta,, Ashish and Mumick,, Inderpal Singh and
                  Subrahmanian,, V. S.},
  title =        {Maintaining views incrementally},
  booktitle =    {SIGMOD '93: Proceedings of the 1993 ACM SIGMOD
                  international conference on Management of data},
  year =         1993,
  pages =        {157--166},
}

@inproceedings{meld,
  author =       {Ashley-Rollman, Michael P. and others},
  title =        {{Declarative Programming for Modular Robots}},
  booktitle =    {Workshop on Self-Reconfigurable Robots/Systems and
                  Applications},
  year =         2007,
}

@inproceedings{p2,
  title =        {Implementing Declarative Overlays},
  author =       "Boon Thau Loo and others",
  booktitle =    "SOSP",
  year =         2005
}

@inproceedings{pads,
	author = {Nalini Belaramani and others},
	title = {{PADS}: A Policy Architecture for Data Replication Systems},
  booktitle = {NSDI},
  year = 2009
}

@article{part-time,
  author =       {Leslie Lamport},
  title =        {The part-time parliament},
  journal =      {ACM Transactions on Computer Systems},
  year =         1998,
  volume =       16,
  number =       2,
  pages =        {133--169}
}

@misc{paxonp2,
  author =       "Benjamin Szekely and Elias Torres",
  month =        dec,
  year =         2005,
  note =
                  "\smallurl{http://www.klinewoods.com/papers/p2paxos.pdf}"
}

@inproceedings{paxos-live,
  author =       {Tushar D. Chandra and others},
  year =         2007,
  title =        {Paxos made live: an engineering perspective},
  booktitle =    {PODC},
}

@article{paxos-simple,
  author =       {Leslie Lamport},
  journal =      {ACM SIGACT News},
  month =        {December},
  number =       4,
  pages =        {18--25},
  title =        {{P}axos Made Simple},
  volume =       32,
  year =         2001
}

@inproceedings{panic,
    author = {Ashish Gupta and others},
    title = {Constraint Checking with Partial Information},
    booktitle = {PODS},
    year = {1994},
}

@inproceedings{postgres,
  author =       {Stonebraker, Michael},
  title =        {Inclusion of New Types in Relational Data Base
                  Systems},
  booktitle =    {ICDE},
  year =         1986
}

@inproceedings{delay-sched,
  author = {Matei Zaharia and others},
  title = {Delay Scheduling: A Simple Technique for Achieving Locality and Fairness in Cluster Scheduling},
  booktitle = {EuroSys},
  year = 2010
}

@inproceedings{rats,
  author =       {Grimm, Robert},
  title =        {Better extensibility through modular syntax},
  booktitle =    {PLDI},
  year =         2006,
}

@inproceedings{scalaris,
  title =        "{Scalaris}: Reliable Transactional {P2P} Key/Value
                  Store",
  author =       "Thorsten Schutt and others",
  booktitle =    "ACM SIGPLAN Workshop on Erlang",
  year =         2008
}

@inproceedings{shen-vldb07,
  author =       "Warren Shen and others",
  title =        "Declarative Information Extraction Using Datalog
                  with Embedded Extraction Predicates",
  booktitle =    "VLDB",
  year =         2007
}

@inproceedings{singh-eurosys,
  author =       {Atul Singh and others},
  title =        {Using queries for distributed monitoring and
                  forensics},
  booktitle =    {EuroSys},
  year =         2006
}

@inproceedings{singh-nsdi,
  author =       {Atul Singh and others},
  title =        {{BFT} Protocols Under Fire},
  booktitle = {NSDI},
  year =         2008
}

@inproceedings{stasis,
  author =       {Sears, Russell and Brewer, Eric},
  title =        {Stasis: flexible transactional storage},
  booktitle =    {OSDI},
  year =         2006
}

@book{ullmanbook,
  author =       {Jeffrey D. Ullman},
  title =        {Principles of Database and Knowledge-Base Systems:
                  Volume II: The New Technologies},
  publisher = {W.\ H.\ Freeman \& Company},
  year =         1990,
}

@article{vmsurvey,
  author =       "Robert P. Goldberg",
  title =        "A Survey of Virtual Machine Research",
  journal =      "IEEE Computer",
  year =         1974,
  volume =       7,
  number =       6,
  month =        jun
}

@inproceedings{volcano,
  author =       {Goetz Graefe and William J. McKenna},
  title =        {The {Volcano} Optimizer Generator: Extensibility and
                  Efficient Search},
  booktitle =    {ICDE},
  year =         1993,
}

@InProceedings{wiscfsck,
  title =        "{SQCK: A Declarative File System Checker}",
  author =       "Haryadi S. Gunawi and others",
  booktitle =    "OSDI",
  year =         2008,
}

@inproceedings{armistice,
 author = {David Cabrero and others},
 title = {{ARMISTICE}: an experience developing management software with {Erlang}},
 booktitle = {ACM SIGPLAN Workshop on Erlang},
 year = {2003},
 }

@techreport{dedalus-tr,
  Author =       {Peter Alvaro and others},
  Title =        {Dedalus: {Datalog} in Time and Space},
  Institution =  {EECS Department, University of California, Berkeley},
  Year =         2009,
  Month =        {Dec},
  Number =       {UCB/EECS-2009-173},
}
