@inproceedings{chukwa,
  title =        {Chukwa, a large-scale monitoring system},
  booktitle =    {Cloud Computing and its Applications},
  year =         2008,
  month =        {October},
  pages =        {1-5},
  address =      {Chicago, IL},
  author =       {Jerome Boulon and others}
}

@article{datacube,
  author =       {Jim Gray and Surajit Chaudhuri and Adam Bosworth and
                  Andrew Layman and Don Reichart and Murali Venkatrao
                  and Frank Pellow and Hamid Pirahesh},
  title =        {Data Cube: A Relational Aggregation Operator
                  Generalizing Group-by, Cross-Tab, and Sub Totals},
  journal =      {Data Min. Knowl. Discov.},
  volume =       1,
  number =       1,
  year =         1997,
  pages =        {29-53},
}

@inproceedings{gibbons98new,
    author = "Phillip B. Gibbons and Yossi Matias",
    title = "New sampling-based summary statistics for improving approximate query answers",
    year = "1998",
    booktitle = {SIGMOD}
}

@inproceedings{eddies,
  author =       {Ron Avnur and Joseph M. Hellerstein},
  title =        {Eddies: Continuously Adaptive Query Processing},
  booktitle =    {SIGMOD},
  year =         2000
}

@inproceedings{gfs-sosp,
  author =       {Sanjay Ghemawat and Howard Gobioff and Shun-Tak
                  Leung},
  title =        {The {Google} file system},
  booktitle =    {SOSP},
  pages =        {29--43},
  year =         2003
}

@misc{wikistats,
  author =       {Peter N. Skomoroch},
  title =        {Wikipedia Page Traffic Statistics},
  note = "Downloaded from \url{http://developer.amazonwebservices.com/connect/entry.jspa?externalID=2596}",
  year =         2009
}

@misc{hdfs-arch,
  author =       {Dhruba Borthakur},
  title =        {{HDFS} Architecture},
  note =
                  "\smallurl{http://hadoop.apache.org/core/docs/current/hdfs_design.html}",
  year =         2009
}

@inproceedings{osprey-icde, 
  author = {Christopher Yang and Christine Yen and Ceryen Tan and Samuel Madden}, 
  title = {Osprey: Implementing {MapReduce}-Style Fault Tolerance in a Shared-Nothing Distributed Database}, 
  booktitle = {ICDE}, 
  year = {2010},
  }

@inproceedings{late-sched,
  author =       {Matei Zaharia and others},
  title =        {Improving {MapReduce} Performance in Heterogeneous
                  Environments},
  booktitle =    {OSDI},
  year =         2008,
  pages =        {29-42},
}

@inproceedings{mapreduce-osdi,
  author =       {Jeffrey Dean and Sanjay Ghemawat},
  title =        {{MapReduce}: Simplified Data Processing on Large
                  Clusters},
  booktitle =    {OSDI},
  year =         2004
}

@inproceedings{onlineagg,
  author =       {Joseph M. Hellerstein and Peter J. Haas and Helen
                  J. Wang},
  title =        {Online Aggregation},
  booktitle =    {SIGMOD},
  year =         1997
}

@inproceedings{pig,
  author =       {Christopher Olston and Benjamin Reed and Utkarsh
                  Srivastava and Ravi Kumar and Andrew Tomkins},
  title =        {{Pig Latin}: a not-so-foreign language for data
                  processing},
  booktitle =    {SIGMOD},
  year =         2008,
}

@article{sawzall,
  author =       {Pike, Rob and Dorward, Sean and Griesemer, Robert
                  and Quinlan, Sean},
  title =        {Interpreting the data: Parallel analysis with
                  {Sawzall}},
  journal =      {Scientific Programming},
  volume =       13,
  number =       4,
  year =         2005,
  pages =        {277--298},
}

@inproceedings{hive,
  author =       {Ashish Thusoo and Joydeep Sen Sarma and Namit Jain
                  and Zheng Shao and Prasad Chakka and Suresh Anthony
                  and Hao Liu and Pete Wyckoff and Raghotham Murthy},
  title =        {Hive --- A Warehousing Solution Over a {Map-Reduce}
                  Framework},
  year =         2009,
  booktitle =    {VLDB}
}

@inproceedings{sosp-mining,
  author =       {Wei Xu and Ling Huang and Armando Fox and David
                  Patterson and Michael I. Jordan},
  title =        {Detecting Large-Scale System Problems by Mining
                  Console Logs},
  booktitle =    {SOSP},
  year =         2009
}

@inproceedings{dryad07,
  title = {Dryad: Distributed Data-Parallel Programs from Sequential Building Blocks},
  author = {Michael Isard and Mihai Budiu and Yuan Yu and Andrew Birrell and Dennis Fetterly},
  booktitle = {EuroSys}, 
  year = 2007
}

@inproceedings{pavlo09, 
  author = {Pavlo, Andrew and Paulson, Erik and Rasin, Alexander and Abadi, Daniel J. and Dewitt, David J. and Madden, Samuel and Stonebraker, Michael }, 
  booktitle = {SIGMOD}, 
  title = {A Comparison of Approaches to Large-Scale Data Analysis}, 
  year = {2009}, 
}

@inproceedings{aster,
  title = "{SQL/MapReduce}: A Practical Approach to Self-describing, Polymorphic, and Parallelizable User-defined Functions",
	author="John Cieslewicz and Eric Friedman and Peter Pawlowski",
	booktitle="VLDB",
	year=2009
}
	
@misc{greenplum,
  key = "Greenplum",
	title = "Greenplum: A Unified Engine for {RDBMS} and
	{MapReduce}",
	organization = "Greenplum",
	note = "Downloaded from 	\url{http://www.greenplum.com/download.php?alias=register-map-reduce&file=Greenplum-MapReduce-Whitepaper.pdf}",
	month=Oct,
	year=2008,
}

@INPROCEEDINGS{exchange,
 	booktitle = "SIGMOD",
        author={Goetz Graefe},
        title={Encapsulation of Parallelism in the {Volcano} Query
               Processing System},
        year=1990
}

@article{logoyocum08,
 author = {Logothetis, Dionysios and Yocum, Kenneth},
 title = {Ad-hoc data processing in the cloud (demonstration)},
 journal = {Proc. VLDB Endow.},
 volume = {1},
 number = {2},
 year = {2008}
 }

@article{ieeecontrol,
  author = "Joseph M. Hellerstein and Ron Avnur and Andy Chou and Christian Hidber and Chris Olston and Vijayshankar Raman and Tali Roth and Peter J. Haas",
  title = "Interactive Data Analysis with {CONTROL}",
  journal="IEEE Computer", 
  volume=32,
  number=8, 
  month = Aug,
  year=1999
}

@inproceedings{dbo,
  title = {Scalable Approximate Query Processing with the {DBO} Engine},
  author = {Chris Jermaine and Subramanian Arumugam and Abhijit Pol and Alin Dobra},
  booktitle="SIGMOD",
  year=2007 
}

@article{jermaine-shuffle,
  title={Online Random Shuffling of Large Database Tables},
  author="Chris Jermaine",
  journal="IEEE Trans. Knowl. Data Eng.",
  volume=19,
  number=1,
  pages={73-84},
  year=2007
}

@inproceedings{wu-vldb09,
  title="Distributed Online Aggregation",
  author="Sai Wu and Shouxu Jiang and Beng Chin Ooi and Kian-Lee Tan",
  year=2009,
  booktitle="VLDB"
}

@inproceedings{borealis,
	title={The Design of the {Borealis} Stream Processing Engine},
	author={Daniel J. Abadi and Yanif Ahmad and Magdalena Balazinska and Ugur Cetintemel and Mitch Cherniack and Jeong-Hyon Hwang and Wolfgang Lindner and Anurag S. Maskey and Alexander Rasin and Esther Ryvkina and Nesime Tatbul and Ying Xing and Stan Zdonik}, 
	booktitle={CIDR},
	year=2005
}

@inproceedings{stream,
          author = {Rajeev Motwani and Jennifer Widom and Arvind Arasu and Brian Babcock and Shivnath Babu and Mayur Datar and Gurmeet Manku and Chris Olston and Justin Rosenstein and Rohit Varma},
           title = {Query Processing, Resource Management, and Approximation in a Data Stream Management System},
         booktitle = {CIDR},
            year = {2003}
}

@inproceedings{tcq-cidr,
  author="Sirish Chandrasekaran and Owen Cooper and Amol Deshpande and Michael J. Franklin and Joseph M. Hellerstein and Wei Hong and Sailesh Krishnamurthy and Samuel R. Madden and Vijayshankar Raman and Fred Reiss and Mehul A. Shah",
  title={{TelegraphCQ}: Continuous Dataflow Processing for an Uncertain World},    
  booktitle="CIDR",
  year=2003
}

@inproceedings{flux-ft,
	Author = {Mehul A. Shah and Joseph M. Hellerstein and Eric A. Brewer},
	Booktitle = {SIGMOD},
	Title = {Highly-Available, Fault-Tolerant, Parallel Dataflows},
	Year = {2004}
}

@inproceedings{flux-lb,
  author    = {Mehul A. Shah and
               Joseph M. Hellerstein and
               Sirish Chandrasekaran and
               Michael J. Franklin},
  title     = {Flux: An Adaptive Partitioning Operator for Continuous Query
               Systems},
  booktitle = {ICDE},
  year      = {2003}
}

@inproceedings{borealisFT,
	title = {Fault-Tolerance in the {Borealis} Distributed Stream Processing System},
	author={Magdalena Balazinska and Hari Balakrishnan and Samuel Madden and Michael Stonebraker}, 
	booktitle={SIGMOD},
	year = 2005
}

@inproceedings{luo-ripple,
  title="A Scalable Hash Ripple Join Algorithm",
  author="Gang Luo and Curt J. Ellmann and Peter J. Haas and Jeffrey F. Naughton",
  booktitle="SIGMOD",
  year=2002
}

@inproceedings{sbon,
  author="Peter Pietzuch and Jonathan Ledlie and Jeffrey Shneidman and Mema Roussopoulos and Matt Welsh and Margo Seltzer",
  title = "Network-Aware Operator Placement for Stream-Processing Systems",
  booktitle = "ICDE",
  year=2006
}

@inproceedings{olston-usenix08,
    title="Automatic Optimization of Parallel Dataflow Programs",
    author="Olston, C. and Reed, B. and Silberstein, A. and Srivastava, U.",
    booktitle ="USENIX Technical Conference",
    year=2008
}

@inproceedings{seda,
    author="Matt Welsh and David Culler and Eric Brewer",
    title="{SEDA}: An Architecture for Well-Conditioned, Scalable Internet Services",
    booktitle="SOSP",
    year=2001
}
