@inproceedings{ndlog,
 author = {Boon Thau Loo and Tyson Condie and Minos Garofalakis and David A. Gay and Joseph M. Hellerstein and Petros Maniatis and Raghu Ramakrishnan and Timothy Roscoe and Ion Stoica},
 title = {Declarative Networking: Language, Execution and Optimization},
 booktitle = proc-sigmod,
 year = {2006}
}

@inproceedings{p2,
 author = {Boon Thau Loo and Tyson Condie and Joseph M. Hellerstein and Petros Maniatis and Timothy Roscoe and Ion Stoica},
 title = {Implementing Declarative Overlays},
 booktitle = proc-sosp,
 year = {2005}
}

@inproceedings{ipsn,
author = {M Paskin and C Guestrin and J McFadden}, 
title = {A Robust Architecture for Distributed Inference in Sensor Networks},
booktitle = proc-ipsn,
year = {2005}
}

@book{statlearning,
author = {Michael Jordan}, 
title = {The Junction Tree Algorithm, Chapter 17 of Statistical Learning Theory},
booktitle = {Statistical Learning Theory},
year = {2007}
}


@inproceedings{loopy,
author = "Kevin P. Murphy and Yair Weiss and Michael I. Jordan",
title = "Loopy Belief Propagation for Approximate Inference: An Empirical Study",
pages = "467--475",
year = "1999",
booktitle = "Proceedings of the Fifteenth Conference on Uncertainty in Artificial Intelligence"
}