@misc{bittorrent-dht,
  title="BitTorrent Goes Trackerless: Publishing with BitTorrent gets easier!",
  note="\url{http://www.bittorrent.com/trackerless.html}"
}

@misc{edonkey,
  title="{eDonkey2000 -- Overnet}",
  note="\url{http://www.edonkey2000.com/}"
}

@InProceedings{dabek_nsdi04,
  author =       {Frank Dabek and Jinyang Li and Emil Sit and Frans Kaashoek 
                  and Robert Morris and Chuck Blake},
  title =        {Designing a {DHT} for Low Latency and High Throughput},
  booktitle =    {Proc. NSDI},
  year =         {2004},
  month =        {March}
}

@misc{dccp-problem,
  author =       {Sally Floyd and Mark Handley and Eddie Kohler},
  title =        {Problem {S}tatement for {DCCP}},
  month =        {June},
  year =         {2005}
}

@InProceedings{ floyd00equationbased,
    author = "Sally Floyd and Mark Handley and Jitendra Padhye and Jorg Widmer",
    title = "Equation-based congestion control for unicast applications",
    booktitle = {Proc. ACM SIGCOMM},
    year = {2000},
    month = {August},
    url = {citeseer.ist.psu.edu/floyd00equationbased.html}
}

@InProceedings{pier-cidr,
  author    = {Ryan Huebsch and
               Brent N. Chun and
               Joseph M. Hellerstein and
               Boon Thau Loo and
               Petros Maniatis and
               Timothy Roscoe and
               Scott Shenker and
               Ion Stoica and
               Aydan R. Yumerefendi},
  title     = {The Architecture of {PIER}: an {I}nternet-Scale Query Processor.},
  booktitle = {Proc. CIDR},
  year      = {2005},
  month     = {January}
}

@Misc{dccp-api,
  author =       {Junwen Lai and Eddie Kohler},
  title =        {A {Congestion-Controlled Unreliable Datagram API}},
  month =        {March},
  year =         {2005}
}

@InProceedings{p2:sosp,
  author =       {Boon Thau Loo and Tyson Condie and Joseph M. Hellerstein and Petros Maniatis and Timothy Roscoe and Ion Stoica},
  title =        {Implementing Declarative Overlays},
  booktitle =    {Proc. ACM SOSP},
  year =         {2005},
  month =        {October}
}
@InProceedings{kademlia,
    author =       {Petar Maymounkov and David Mazieres},
    title =        {Kademlia: A Peer-to-peer Information System Based on the {XOR} Metric},
    booktitle =    {Proc. IPTPS},
    year =         {2002},
    month =        {March}
}

@InCollection{gibbons-sensys04,
author    = {Suman Nath and Phillip B. Gibbons and Srinivasan Seshan and Zachary Anderson},
title     = {Synopsis Diffusion for Robust Aggregation in Sensor Network Streams},
booktitle = {Proc. ACM SenSys},
year      = {2004},
month     = {November}
}

@InProceedings{rhea_usenix_2004,
  author =       {Sean Rhea and Dennis Geels and Timothy Roscoe and John Kubiatowicz},
  title =        {Handling {C}hurn in a {DHT}},
  booktitle =    {Proc. USENIX Technical Conference},
  year =         {2004},
  month =        {June}
}

@article{chord,
 author = {Ion Stoica and Robert Morris and David Liben-Nowell and David R. Karger and M. Frans Kaashoek and Frank Dabek and Hari Balakrishnan},
 title = {Chord: a scalable peer-to-peer lookup protocol for internet applications},
 journal = {IEEE/ACM Trans. Netw.},
 volume = {11},
 number = {1},
 year = {2003},
 issn = {1063-6692},
 pages = {17--32},
 doi = {http://dx.doi.org/10.1109/TNET.2002.808407},
 publisher = {IEEE Press}
}

@inproceedings{dahlin,
  author =	 {Praveen Yalagandula and Mike Dahlin},
  title =	 {A Scalable Distributed Information Management System},
  booktitle =	 {Proc. ACM SIGCOMM},
  year =	 {2004},
  month =	 {September}
}
