
@Misc{using_libasync,
  author =	 {David Mazie\`res and Frank Dabek and Eric Peterson and Tomer M. Gil},
  title =	 {Using libasync},
  howpublished = {\url{http://www.pdos.lcs.mit.edu/6.824/doc/libasync.ps}}
}

@Misc{pcre_manual,
  author =	 {Phil Hazel},
  title =	 {{PCRE} - {P}erl {C}ompatible {R}egular {E}xpressions},
  howpublished = {\url{http://www.pcre.org/}},
  month =	 {August},
  year =	 2003
}

@Misc{sfs,
  author =	 {David Mazie\`res and others},
  title =	 {Self-certifying File System},
  howpublished = {\url{http://fs.net/}},
  month =	 {June},
  year =	 2004
}

