
@incollection{lncs:saltzer:naming, 
  title     = "{Naming and Binding of Objects}", 
  author    = "Jerome H. Saltzer", 
  booktitle = "Lecture Notes in Computer Science, 60: Operating 
               Systems -- An Advanced Course", 
  publisher = "Springer-Verlag", 
  editor    = "R. Bayer and R. M. Graham and G. Seegmueller", 
  pages     = "99--208", 
  year      = 1978, 
} 

@string {jsac     = "IEEE Journal on Selected Areas In Communications"}

@inproceedings{hill-sensors,
    author = "Jason Hill and Robert Szewczyk and Alec Woo and Seth Hollar and David E. Culler and Kristofer S. J. Pister",
    title = "System Architecture Directions for Networked Sensors",
    booktitle = "Architectural Support for Programming Languages and Operating Systems",
    pages = "93-104",
    year = "2000"}


@Article{jsac:nemesis,
  author =   {I. M. Leslie and D. McAuley and R. Black and T. Roscoe and
                  P. Barham and D. Evers and R. Fairbairns and E. Hyden},
  title =    "{The Design and Implementation of an Operating System to
                  Support Distributed Multimedia Applications}",
  journal =  jsac,
  year =     1996,
  volume =   14,
  number =   7,
  month =    {September},
}

@inproceedings{tschudin:netpointers,
  author = {Christian Tschudin and Richard Gold},
  title  = {Network Pointers}, 
  booktitle = "Proc. HotNets-I", 
  month     = "October", 
  year      = 2002, 
}

@inproceedings{fall:dtn,
  author = {Kevin Fall},
  title  = "{A Delay-Tolerant Network Architecture for Challenged Internets}",
  booktitle = "Proc. of ACM SIGCOMM, Karlsruhe, Germany",
  month = {August},
  year = 2003,
}

@misc{newarch:whitepaper, 
  author = "Robert Braden and David Clark and Scott Shenker and 
            John Wroclawski", 
  title  = "{Developing a Next-Generation Internet Architecture}", 
  month  = "July", 
  year   = 2000, 
  note   = "Whitepaper, available at 
            \url{http://www.isi.edu/newarch/DOCUMENTS/WhitePaper.ps}",
}

@inproceedings{rba:hotnets, 
  author    = "Robert Braden and Ted Faber and Mark Handley", 
  title     = "{From Protocol Stack to Protocol Heap --- 
               Role-Based Architecture}", 
  booktitle = "Proc. of the First Workshop on Hot Topics in 
               Networks (HotNets-I)", 
  month     = "October", 
  year      = 2002, 
}

@inproceedings{planetlab:hotnets, 
  author    = "Larry Peterson and Tom Anderson and David Culler and 
               Timothy Roscoe", 
  title     = "{A Blueprint for Introducing Disruptive Technology 
               into the Internet}", 
  booktitle = "Proc. of the First Workshop on Hot Topics in 
               Networks (HotNets-I)", 
  month     = "October", 
  year      = 2002, 
}

@misc{triad00:unpub, 
  author    = "David Cheriton and Mark Gritter",
  title     = "{TRIAD: A new next generation Internet architecture}",
  month     = "March", 
  year      = 2000,
  note      = "Available from 
               \url{http://www-dsg.stanford.edu/triad/triad.ps.gz}", 
}


@inproceedings{triad:usits01, 
  author    = "Mark Gritter and David R. Cheriton",
  title     = {{An Architecture for Content Routing Support in the Internet}},
  booktitle = "Proc. of 3rd USENIX Symposium on Internet Techologies
               and Systems (USITS'01)", 
  month     = "March", 
  year      = 2001, 
  pages     = "37--48",
}



@inproceedings{IPNL:sigcomm01, 
  author    = "Paul Francis and Ramakrishna Gummadi", 
  title     = "{IPNL: A NAT-Extended Internet Architecture}", 
  booktitle = "Proc. of ACM SIGCOMM, San Diego, CA", 
  month     = "August", 
  year      = 2001, 
} 



@misc{4+4:unpub03, 
  author    = "Zoltan Turanyi and Andras Valko and Andrew Campbell", 
  title     = "{4+4: An Architecture for Evolving the Internet Address 
                Space Back Toward Transparency}", 
  note      = "submitted to ACM Computer Communicatinons Review (CCR)",
  year      = 2003, 
} 


@inproceedings{aves:usenix01, 
  author    = "T. S. Eugene Ng and Ion Stoica and Hui Zhang", 
  title     = "{A Waypoint Service Approach to Connect Heterogeneous 
               Internet Address Spaces}", 
  booktitle = "USENIX Annual Technical Conference, Boston, MA", 
  month     = "June", 
  year      = 2001, 
}

@techreport{ansa-naming, 
  author      = "Rob van der Linden", 
  title       = "{The ANSA Naming Model}", 
  institution = "Architecture Projects Management (APM) Limited", 
  number      = "APM.1003.01", 
  month       = "May", 
  year        = 1993,
}

@string {sosp17   = "Proc. of the 17th ACM SIGOPS Symposium on
                     Operating Systems Principles"}


@inproceedings{ins:sosp99, 
    author    = "William Adjie-Winoto and Elliot Schwartz and 
                 Hari Balakrishnan and Jeremy Lilley",
    title     = "{The Design and Implementation of an Intentional 
                  Naming System}",
    booktitle = sosp17, 
    pages     = "186--201",
    month     = "December", 
    year      = "1999",
}


@inproceedings{ron:sosp01, 
  author      = "David G. Andersen and Hari Balakrishnan and 
                 M. Frans Kaashoek and Robert Morris", 
  title       = "{Resilient Overlay Networks}", 
  booktitle   = "Proc. of the 18th ACM Symposium on Operating 
                 System Principles (SOSP'01), Banff, Canada", 
  month       = "October", 
  year        = 2001, 
}


@inproceedings{metanet:ngi97, 
  author      = "John T. Wroclawski", 
  title       = "{The Metanet}", 
  booktitle   = "Proc. of the Workshop on Research Directions 
                 for the Next Generation Internet", 
  note        = "Whitepaper, available at 
                 \url{http://www.cra.org/Policy/NGI/papers/wroklawWP}", 
  year        = 1997,
}

@inproceedings{i3:sigcomm02, 
  author      = "I. Stoica and D. Adkins and S. Zhuang and 
                 S. Shenker and S. Surana",
  title       = "{Internet indirection infrastructure}",
  booktitle   = "Proc. of ACM SIGCOMM 2002, Pittsburgh, PA",
  year        = 2002,
  month       = "August",
}

@techreport{vanrenesse:protocomp, 
    author    = "Robbert Van Renesse and Kenneth P. Birman",
    title     = "Protocol Composition in Horus",
    number    = "TR95-1505",
    month     = "29,",
    pages     = "11",
    year      = "1995",
}

@Article{feldmeier:boosters, 
    author    = "D.C. Feldmeier and A.J. McAuley and J.M. Smith and 
                 D. Bakin and W.S. Marcus and T. Raleigh", 
    title     = "{Protocol Boosters}", 
    journal   = "IEEE Journal on Selected Areas in Communication (JSAC)", 
    note      = "Special Issue on Protocol Architectures for 21st Century", 
    volume    = 16, 
    number    = 3, 
    pages     = "437--444", 
    month     = apr, 
    year      = 1998, 
}

@InProceedings{nakao:openarch01, 
   author    = "Akihiro Nakao and Larry Peterson and Andy Bavier",
   title     = "{Constructing End-to-End Paths for Playing Media Objects}",
   booktitle = "2001 IEEE Open Architectures and Network Programming
                Proc.",
   pages     = {117--128},
   year	     = 2001,
   address   = "Ancorage, AK USA",
   month     = apr
}


@InProceedings{epidemic:fudico02, 
   author    = "Kenneth Birman", 
   title     = "{The Surprising Power of Epidemic Communication}", 
   booktitle = "Proc., Workshop on Future Directions in 
                Distributed Computing (FuDiCo 2002).  Bertinoro, Italy", 
   month     = "June", 
   year      = 2002, 
   publisher = "Spinger-Verlag", 
}

@string{ccr="Computer Communication Review"}
@string{sigcomm88="Proc. of {ACM SIGCOMM} 1988"}

@Article{clark88:_desig_philos_darpa_inter_protoc,
  author =       {D.D. Clark},
  title =        {The Design Philosophy of the {DARPA} Internet
                  Protocols},
  journal =      ccr,
  year =         1988,
  volume =       18,
  number =       4,
  pages =        {106--114},
  month =        aug,
  note =         sigcomm88
}

@InProceedings{cucl-gprs,
  author =       {R. Chakravorty and J. Cartwright and I. Pratt},
  title =        {Practical Experience with {TCP} over {GPRS}},
  booktitle =    {Proc. of {IEEE} {GLOBECOM} 2002},
  year =         2002
}

@TechReport{UCAM-CL-TR-510,
  author =	 {Mortier, Richard and Isaacs, Rebecca and Fraser, Keir},
  title = 	 {{Switchlets and resource-assured MPLS networks}},
  year = 	 2000,
  month = 	 may,
  url = 	 {http://www.cl.cam.ac.uk/TechReports/UCAM-CL-TR-510.pdf},
  institution =  {University of Cambridge, Computer Laboratory},
  issn = 	 {1476-2986},
  number = 	 {UCAM-CL-TR-510}
}

@InProceedings{harren_iptps02,
  author = 	 {Matthew Harren and Joseph M. Hellerstein and Ryan
                  Huebsch and Boon Thau Loo and Scott Shenker and Ion
                  Stoica}, 
  title = 	 {Complex Queries in DHT-based Peer-to-Peer Networks},
  booktitle =	 {Proc. IPTPS},
  year =	 2002,
  month =	 {March}
}

@InProceedings{li_iptps03,
  author = 	 {Jinyang Li and Boon Thau Loo and Joseph Hellerstein and Frans Kaashoek and David Karger and Robert Morris},
  title = 	 {On the Feasibility of Peer-to-Peer Web Indexing and Search},
  booktitle =	 {Proc. IPTPS},
  year =	 2003,
  month =	 {February}
}

@InProceedings{huebsch_vldb03,
  author = 	 {Ryan Huebsch and Joseph M. Hellerstein and Nick Lanham and Boon Thau Loo and Scott Shenker and Ion Stoica},
  title = 	 {Querying the {I}nternet with {PIER}},
  booktitle =	 {Proc. VLDB},
  year =	 2003
}

@InProceedings{loo_iptps04,
  author = 	 {Boon Thau Loo and Ryan Huebsch and Ion Stoica and Joseph M. Hellerstein},
  title = 	 {The Case for a Hybrid P2P Search Infrastructure},
  booktitle =	 {Proc. IPTPS},
  year =	 2004,
  month =	 {February}
}


@TechReport{ratajczak_irb04,
  author = 	 {David Ratajczak and Joseph M. Hellerstein},
  title = 	 {Deconstructing {DHT}s},
  institution =  {Intel Research Berkeley},
  year = 	 2003,
  type =	 {Technical Report},
  number =	 {IRB-TR-03-042}
}

@TechReport{loo_ucb04a,
  author = 	 {Boon Thau Loo and Ryan Huebsch and Joseph M. Hellerstein and Timothy Roscoe and Ion Stoica},
  title = 	 {Analyzing P2P Overlays with Recursive Queries},
  institution =  {U.C. Berkeley},
  year = 	 2004,
  type =	 {Technical Report},
  number =	 {UCB//CSD-04-130},
  month =	 {January}
}

@TechReport{loo_ucb04b,
  author = 	 {Boon Thau Loo and Sailesh Krishnamurthy and Owen Cooper},
  title = 	 {Distributed Web Crawling over DHTs},
  institution =  {U.C. Berkeley},
  year = 	 2004,
  type =	 {Technical Report},
  number =	 {UCB//CSD-4-1305},
  month =	 {Feburary}
}

@InProceedings{roscoe_hotnets_2002,
  author = 	 {Timothy Roscoe and Steve Hand and Rebecca Isaacs and 
                  Richard Mortier and Paul Jardetzky},
  title = 	 "{Predicate Routing: Enabling Controlled Networking}", 
  booktitle = 	 {Proc. of the 1st Workshop on Hot Topics in Networks 
                  (HotNets-I), Princeton, New Jersey, USA},
  year =	 2002,
  month =	 {October}
}

@Book{boudec_netcalc,
  author =	 {Jean-Yves {Le Boudec} and Patrick Thiran},
  title = 	 {Network Calculus},
  publisher = 	 {Springer-Verlag},
  year = 	 2001,
  number =	 2051,
  series =	 {Lecture Notes in Computer Science},
  month =	 {June}
}

@Misc{caida_telescopes,
  author =	 {CAIDA},
  title =	 {Network Telescopes},
  howpublished = {\url{http://www.caida.org/analysis/security/telescope/}},
  month =	 {June},
  year =	 2004
}

@Misc{berinato_futuresec,
  author =	 {Scott Berinato},
  title =	 {The future of security},
  howpublished = {ComputerWorld, \url{http://www.computerworld.com/printthis/2003/0,4814,88646,00.html}}, 
  month =	 {December},
  year =	 2003
}

@string{OSDI02 = "Proc.\ OSDI 2002"}
@string{USENIXASSOC = "{USENIX} {Association}"}

@InProceedings{White+:osdi02,
        Author = {Brian White and Jay Lepreau and Leigh Stoller and
                  Robert Ricci and Shashi Guruprasad and Mac Newbold and
                  Mike Hibler and Chad Barb and Abhijeet Joglekar},
        Title={An Integrated Experimental Environment
                 for Distributed Systems and Networks},
        booktitle = OSDI02,
        address = {Boston, MA},
        month  = dec,
        year   = 2002
}


@InProceedings{Vahdat+:osdi02,
  author = 	 {Amin Vahdat and Ken Yocum and Kevin Walsh and Priya Mahadevan and Dejan Kostic and Jeff Chase and and David Becker},
  title = 	 {Scalability and Accuracy in a Large-Scale Network Emulator},
        booktitle = OSDI02,
        address = {Boston, MA},
        month  = dec,
        year   = 2002
}

@InProceedings{Simpson+:pam2004,
  author = 	 {Simpson Jr., Charles Robert and George F. Riley},
  title = 	 {{NETI@Home: A Distributed Approach to Collecting End-to-End Network Performance Measurements}},
  booktitle =	 {Proc. of the 5th Annual Passive and Active Measurement Workshop (PAM 2004)},
  year =	 2004,
  month =	 {April}
}

@Misc{dimes:website,
  author =	 {{The DIMES Project}},
  howpublished = {\url{http://www.netdimes.org/}},
  month =	 {June},
  year =	 2004
}

@Misc{dshield:website,
  title =	 {{DShield: Distributed Intrusion Detection System}},
  howpublished = {\url{http://www.dshield.org/}},
  month =	 {June},
  year =	 2004
}

@InProceedings{pang_imc_2004,
  author = 	 {Ruoming Pang and Vinod Yegneswaran and Paul Barford and Vern Paxson and Larry Peterson},
  title = 	 {Characteristics of {I}nternet Background Radiation},
  booktitle =	 {Proc. IMC 2004},
  year =	 2004,
  month =	 {October}
}

@Article{anderson_cacm_2002,
  author = 	 {David P. Anderson and Jeff Cobb and Eric Korpela and Matt Lebofsky and Dan Werthimer},
  title = 	 {{SETI@home: An Experiment in Public-Resource Computing}},
  journal = 	 {Communications of the ACM},
  year = 	 2002,
  volume =	 45,
  number =	 11,
  pages =	 {56-61},
  month =	 {November}
}


@techreport{boon-recursion-tr,
author="Boon Thau Loo and Ryan Huebsch and Joseph M. Hellerstein and
                  Timothy Roscoe and Ion Stoica",
title="Analyzing P2P Overlays with Recursive Queries",
institution="Intel Research", 
number="IRB-TR-03-045", 
month = Nov,
year= 2003
}

@inproceedings{astrolabe,
  title =	 "Scalable Management and Data Mining Using {A}strolabe",
  author =	 "van Renesse, Robbert and Birman, Kenneth P. and
                  Dumitriu, Dan and Vogel, Werner",
  booktitle =	 "Proc. First International Workshop on Peer-to-Peer
                  Systems (IPTPS '01)",
  address =	 "Cambridge, MA",
  month =	 mar,
  year =	 2002
}

@article{newjersey,
author = "D. Barbar\'a and W. DuMouchel and C. Faloutsos and
                  P. J. Haas and J. M. Hellerstein and Y. Ioannidis
                  and H. V. Jagadish and T. Johnson and R. Ng and
                  V. Poosala and K. A. Ross and K. C. Sevcik",
title="{The New Jersey Data Reduction Report}",
journal = "IEEE Data Enginering Bulletin",
volume=20,
number=3,
year= 1997
}

@inproceedings{minos-tutorial,
title="Approximate Query Processing: Taming the Terabytes",
author="Minos Garofalakis and Phillip Gibbons",
booktitle="Proc. of the 27th International Conference on
                   Very Large Data Bases (VLDB)",
year = 2001,
month = sep,
address = "Rome",
note = "Tutorial"
}

@inproceedings{considine03,
    author = "Jeffrey Considine and Feifei Li and George Kollios and
                  John Byers",
    title = "Approximate aggregation techniques for sensor databases",
    booktitle = "Proc. International Conference on Data
                  Engineering (ICDE)",
    month = Mar,
    year = 2004
}

@inproceedings{gibbons04,
title = "Synopsis Diffusion for Robust Aggregation in Sensor
                  Networks",
year = 2004,
author = "Suman Nath and Phillip B. Gibbons and Zachary Anderson and
                  Srinivasan Se",
booktitle="Proc. ACM Sensys",
month = nov, 
address = "Baltimore"
}

@inproceedings{hellersteinwang04,
title = "Optimization of In-Network Data Reduction",
author = "Joseph M. Hellerstein and Wei Wang",
booktitle="International Workshop on Data Management for Sensor
                  Networks (DMSN)",
month = sep,
year=2004,
address="Toronto"
}

@inproceedings{kempe03,
author = "D. Kempe and A. Dobra and J. Gehrke",
title="Gossip-based computation of aggregate information",
booktitle = "Proc. Conference on Foundations of Computer Science
                  (FOCS)",
year=2003
}

@inproceedings{distregression,
author = "Carlos Guestrin and Romain Thibaux and Peter Bodik and Mark
                  A. Paskin and Samuel Madden",
title="Distributed Regression: An Efficient Framework for Modeling
                  Sensor Network Data",
booktitle= "Proc. 3rd International Symposium on
                  Information Processing in Sensor Networks (IPSN)",
year = 2004
}

@techreport{paskinguestrin,
author = "Mark A. Paskin and Carlos E. Guestrin",
year = 2003,
title = "A Robust Architecture for Distributed Inference in Sensor Networks",
note = "Submitted for publication",
institution = "Intel Research",
number = "IRB-TR-03-039"
}

@inproceedings{bbq04,
title = "Model-Driven Data Acquisition in Sensor Networks",
author="Amol Deshpande and Carlos Guestrin and Samuel Madden and
                  Joseph M. Hellerstein and Wei Hong",
booktitle="Proc. of the 30th International Conference on
                   Very Large Data Bases (VLDB)",
year = 2004,
address = "Toronto",
month = sep
}

@inproceedings{planetseer,
title="PlanetSeer: Internet Path Failure Monitoring and
                  Characterization in Wide-Area Services",
author="M. Zhang and C. Zhang and V. Pai and L. Peterson and R. Wang",
booktitle="Proc. OSDI 2004",
year = 2004,
month = dec,
address = "San Francisco"
}

@inproceedings{wallach02,
  author =	 {Dan Wallach},
  title =	 {{A Survey of Peer-to-Peer Security Issues}},
  booktitle =	 {International Symposium on Software Security},
  year =	 {2002},
}



@inproceedings{Clark2003,
  author =	 {David D. Clark and Craig Partridge and J. Christopher
                  Ramming and John T. Wroclawski},
  title =	 {{A Knowledge Plane for the Internet}},
  booktitle = "Proc. of ACM SIGCOMM, Karlsruhe, Germany",
  year =	 {2003},
  pages =	 {3--10},
  address =	 {Karlsruhe, Germany}
}

@techreport{karthik-routeservice,
title = "Routing as a Service",
author="Karthik Lakshminarayanan and Ion Stoica and Scott Shenker",
institution="University of California, Berkeley",
number="UCB/CSD-04-1327",
month=jan,
year=2004
}

@inproceedings{yegneswaran-sigmetrics03,
author = "Yegneswaran, Vinod and Barford, Paul and Ullrich, Johannes",
title = "Internet Intrusions: Global Characteristics and Prevalence",
booktitle = "Proc. ACM SIGMETRICS",
month = Jun,
year=2003
}

@inproceedings{codeen,
title="The Dark Side of the Web: An Open Proxy's View",
author="Vivek S. Pai and Limin Wang and KyoungSoo Park and Ruoming
                  Pang and Larry Peterson",
booktitle="Proc. HotNets-II",
month=nov,
year=2003
}

@inproceedings{coral,
title="Democratizing Content Publication with {C}oral",
author="Michael J. Freedman and Eric Freudenthal and David Mazi\`eres",
booktitle="Proc. 1st USENIX/ACM Symposium on Networked Systems Design and Implementation
 (NSDI '04)",
address="San Francisco",
month = mar,
year=2004
}

 (Mar. 2001). http://citeseer.ist.psu.edu/article/gritter01architecture.html   More

@inproceedings{gritterarchitecture,
    author = "Mark Gritter and David R. Cheriton",
    title = "An Architecture for Content Routing Support in the {I}nternet",
    booktitle = "Proc. USITS 2001",
    year="2001",
    month="March",
    pages = "37--48",
    url = "citeseer.ist.psu.edu/article/gritter01architecture.html" }

@inproceedings{nira,
 author = {Xiaowei Yang},
 title = {NIRA: a new {I}nternet routing architecture},
 booktitle = {Proc. of the ACM SIGCOMM workshop on Future directions in network architecture},
 year = {2003},
 isbn = {1-58113-748-0},
 pages = {301--312},
 location = {Karlsruhe, Germany},
 doi = {http://doi.acm.org/10.1145/944759.944768},
 publisher = {ACM Press},
 }

@Misc{hellerstein_oracle,
  author =	 {Joseph M. Hellerstein and Vern Paxson and Larry Peterson and Timothy Roscoe and Scott Shenker and David Wetherall},
  title =	 {The {N}etwork {O}racle},
  howpublished = {Submitted to HotNets-III 2004},
  month =	 {August},
  year =	 2004
}

@Misc{como,
  author =	 {Gianluca Iannacone and Christophe Diot},
  title =	 {The {CoMo} {P}roject},
  howpublished = {LRP White Paper},
  month =	 {October},
  year =	 2004
}


@InProceedings{rhea_usenix_2004,
  author =       {Sean Rhea and Dennis Geels and Timothy Roscoe and John Kubiatowicz},
  title =        {Handling {C}hurn in a {DHT}},
  booktitle =    {Proc. of the 2004 USENIX Technical Conference,
                  Boston, MA, USA},
  year =         2004,
  month =        {June}
}

@InProceedings{White2002,
  Author =	 {Brian White and Jay Lepreau and Leigh Stoller and
                  Robert Ricci and Shashi Guruprasad and Mac Newbold and
                  Mike Hibler and Chad Barb and Abhijeet Joglekar},
  Title =	 {{An Integrated Experimental Environment for
                  Distributed Systems and Networks}},
  booktitle =	 OSDI02,
  address =	 {Boston, MA, USA},
  month =	 dec,
  year =	 2002,
  pages =	 {255--270}
}


@InProceedings{Bawa2004,
  author = 	 {Mayank Bawa and Aristides Gionis and Hector Garcia-Molina and Rajeev Motwani},
  title = 	 {{The Price of Validity in Dynamic Networks}},
  booktitle =	 {Proceedings of the ACM SIGMOD International Conference on
                  Management of Data},
  year =	 2004,
  address =	 {Paris, France},
  month =	 jun
}

@Article{Gibbons2003,
  author =	 {Phillip B. Gibbons and Brad Karp and Yan Ke and
                  Suman Nath and Srinivasan Seshan},
  title =	 {{IrisNet: An Architecture for a World-Wide Sensor
                  Web}},
  journal =	 {IEEE Pervasive Computing},
  year =	 2003,
  volume =	 2,
  number =	 4,
  month =	 {October-December}
}
@InProceedings{madden_cacq,
  author = 	 {Samuel R. Madden and Mehul A. Shah and Joseph M. Hellerstein}, 
  title = 	 {Continuously Adaptive Continuous Queries over Streams},
  booktitle =	 {Proceedings of the ACM SIGMOD International Conference on
                  Management of Data},
  year =	 2002
}

@inproceedings{Yalagandula2004,
  author =	 {Praveen Yalagandula and Mike Dahlin},
  title =	 {{A Scalable Distributed Information Management
                  System}},
  booktitle =	 SIGCOMM04,
  year =	 {2004},
  month =	 sep,
  address =	 {Portland, OR, USA}
}

@inproceedings{Ergun1998,
  author =	 {Funda Erg{\"u}n and Sampath Kannan and S. Ravi Kumar
                  and Ronitt Rubinfeld and Mahesh Viswanathan},
  title =	 {{Spot-checkers}},
  booktitle =	 {Proceedings of the Thirtieth Annual ACM Symposium on
                  Theory of Computing},
  year =	 {1998},
  pages =	 {259--268},
  address =	 {Dallas, TX, USA},
  publisher =	 {ACM Press},
}

@misc{worlds04_infoplanes, 
  author    = "Joseph Hellerstein and Petros Maniatis and Timothy Roscoe", 
  title     = "{Design Considerations for Information Planes}", 
  howpublished = {Submitted to WORLDS 2004},
  year      = 2004, 
} 


@inproceedings{avnur00eddies,
    author = "Ron Avnur and Joseph M. Hellerstein",
    title = "Eddies: continuously adaptive query processing",
    booktitle = "SIGMOD",
    year = "2000",
    url = "citeseer.nj.nec.com/article/avnur00eddies.html" 
}
