@string{ vldb03 = "Proc. of the 29th International Conference on
                   Very Large Data Bases"}
@string{ vldb04 = "Proc. of the 30th International Conference on
                   Very Large Data Bases"}
@string{ cidr03 = "Proc. of the First Biennial Conference on Innovative Data Systems Research"}





@inproceedings{Przydatek2003,
  author =	 {Bartosz Przydatek and Dawn Song and Adrian Perrig},
  title =	 {{SIA: Secure Information Aggregation in Sensor
                  Networks}},
  booktitle =	 {Proceedings of the 2nd ACM Conference on Embedded Network
                  Sensor Systems (SenSys)},
  year =	 {2004},
  address =	 {Los Angeles, CA, USA},
  month =	 nov,
}




















@inproceedings{Anagnostopoulos2001,
  author =	 {Aris Anagnostopoulos and Michael T. Goodrich and
                  Roberto Tamassia},
  title =	 {{Persistent Authenticated Dictionaries and Their
                  Applications}},
  booktitle =	 {Proc. of the Information Security Conference (ISC)},
  pages =	 {379--393},
  year =	 {2001},
  volume =	 {2200},
  series =	 {Lecture Notes in Computer Science},
  address =	 {Malaga, Spain},
  month =	 oct,
  publisher =	 {Springer},
}

@article{Asilomar,
  author =	 {Philip A. Bernstein and Michael L. Brodie and
                  Stefano Ceri and David J. DeWitt and Michael
                  J. Franklin and Hector Garcia-Molina and Jim Gray
                  and Gerald Held and Joseph M. Hellerstein and
                  H. V. Jagadish and Michael Lesk and David Maier and
                  Jeffrey F. Naughton and Hamid Pirahesh and Michael
                  Stonebraker and Jeffrey D. Ullman},
  title =	 {{The Asilomar Report on Database Research}},
  journal =	 {SIGMOD Record},
  volume =	 {27},
  number =	 {4},
  year =	 {1998},
  pages =	 {74-80},
}

@inproceedings{Astrolabe,
  title =	 {{Scalable Management and Data Mining Using
                  Astrolabe}},
  author =	 "van Renesse, Robbert and Birman, Kenneth P. and
                  Dumitriu, Dan and Vogel, Werner",
  booktitle =	 "Proc. of the 1st International Workshop on
                  Peer-to-Peer Systems (IPTPS)",
  address =	 "Cambridge, MA",
  month =	 mar,
  year =	 2002
}

@article{Aurora,
  author =	 {Daniel J. Abadi and Don Carney and Ugur
                  Γetintemel and Mitch Cherniack and Christian
                  Convey and Sangdon Lee and Michael Stonebraker and
                  Nesime Tatbul and Stan Zdonik},
  title =	 {{Aurora: A New Model and Architecture for Data
                  Stream Management}},
  journal =	 {The VLDB Journal},
  volume =	 {12},
  number =	 {2},
  year =	 {2003},
  issn =	 {1066-8888},
  pages =	 {120--139},
  doi =		 {http://dx.doi.org/10.1007/s00778-003-0095-z},
  publisher =	 {Springer-Verlag New York, Inc.}
}

@inproceedings{AuroraStar,
  title =	 {{Scalable Distributed Stream Processing}},
  author =	 {Mitch Cherniack and Hari Balakrishnan and Magdalena
                  Balazinska and Don Carney and Ugur Cetintemel and
                  Ying Xing and Stan Zdonik},
  booktitle =	 cidr03,
  address =	 {Asilomar, CA},
  year =	 2003,
  month =	 jan
}

@inproceedings{Babcock2002,
  author =	 {Brian Babcock and Shivnath Babu and Mayur Datar and
                  Rajeev Motwani and Jennifer Widom},
  title =	 {{Models and Issues in Data Stream Systems}},
  booktitle =	 {Proc. of the 21st ACM Symposium on Principles of
                  Database Systems (PODS)},
  month =	 Jun,
  address =	 {Madison},
  publisher =	 {ACM},
  year =	 {2002},
}

@inproceedings{Bamboo,
  title =	 {{Handling Churn in a {DHT}}},
  author =	 {Sean Rhea and Dennis Geels and Timothy Roscoe and
                  John Kubiatowicz},
  booktitle =	 {Proc. of the USENIX Annual Technical Conference
                  (USENIX)},
  year =	 {2004},
  month =	 {June},
  address =	 {Boston, Massachusetts},
}

@inproceedings{Bawa04,
  author =	 "Mayank Bawa and Aristides Gionis and Hector
                  Garcia-Molina and Rajeev Motwani",
  title =	 {{The Price of Validity in Dynamic Networks}},
  booktitle =	 {Proc. of the ACM SIGMOD International Conference on
                  Management of Data},
  year =	 2004,
  month =	 jun,
  address =	 "Paris"
}

@inproceedings{Berkeleydb,
  author =	 "Michael Olson and Keith Bostic and Margo Seltzer",
  title =	 {{Berkeley {DB}}},
  booktitle =	 "Proc. of the Summer Usenix Technical Conference",
  address =	 "Monterey",
  month =	 Jun,
  year =	 1999
}

@inproceedings{Berstein2002,
  title =	 {{Data Management for Peer-to-Peer Computing : A
                  Vision}},
  author =	 "Philip A. Bernstein and Fausto Giunchiglia and
                  Anastasios Kementsietsidis and John Mylopoulos and
                  Luciano Serafini and Ilya Zaihrayeu",
  booktitle =	 "Proc. of the 5th International Workshop on the Web
                  and Databases (WebDB)",
  month =	 jun,
  year =	 2002
}

@inproceedings{BeverlyYang2002,
  author =	 {Beverly Yang and Hector Garcia-Molina},
  title =	 {{Improving Search in Peer-to-Peer Systems}},
  booktitle =	 {Proc. of the 22nd International Conference on
                  Distributed Computing Systems (ICDCS)},
  address =	 {Vienna, Austria},
  month =	 jul,
  year =	 2002
}

@article{BloomFilters,
  author =	 "B. Bloom",
  title =	 {{Space/time trade-offs in hash coding with allowable
                  errors}},
  journal =	 "ACM Communication",
  pages =	 "422-426",
  volumn =	 "13",
  month =	 "July",
  year =	 "1970"
}

@inproceedings{Brewer01,
  author =	 "Eric Brewer",
  title =	 {{Invariant Boundaries}},
  booktitle =	 "Proc. of the 9th International Workshop on High
                  Performance Transaction Systems (HPTS)",
  year =	 2001,
  month =	 oct,
  note =	 "Presentation available at
                  \url{http://research.microsoft.com/~jamesrh/hpts2001/}"
}

@Article{Buldas2002,
  author =	 {Ahto Buldas and Peeter Laud and Helger Lipmaa},
  title =	 {{Eliminating Counterevidence with Applications to
                  Accountable Certificate Management}},
  journal =	 {Jounal of Computer Security},
  year =	 {2002},
  volume =	 {10},
  number =	 {3},
  pages =	 {273--296},
  publisher =	 {IOS Press}
}

@inproceedings{CAN,
  author =	 "Sylvia Ratnasamy and Paul Francis and Mark Handley
                  and Richard Karp and Scott Shenker",
  title =	 {{A Scalable Content Addressable Network}},
  booktitle =	 "Proc. of the ACM SIGCOM Conference",
  address =	 "Berkeley, CA",
  month =	 "August",
  year =	 "2001"
}

@inproceedings{CANMulticast,
  title =	 {{Application-level Multicast using
                  Content-Addressable Networks}},
  author =	 {Sylvia Ratnasamy and Mark Handley and Richard Karp
                  and Scott Shenker},
  booktitle =	 {Proc. of the 2nd International Workshop of Network
                  Group Communication (NGC)},
  year =	 2001
}

@article{CAP,
  author =	 {Eric A. Brewer},
  title =	 {{Lessons from Giant-Scale Services}},
  journal =	 {IEEE Internet Computing},
  volume =	 {5},
  number =	 {4},
  year =	 {2001},
  issn =	 {1089-7801},
  pages =	 {46--55},
  doi =		 {http://dx.doi.org/10.1109/4236.939450},
  publisher =	 {IEEE Educational Activities Department},
}

@inproceedings{CFS,
  title =	 {{Wide-area cooperative storage with {CFS}}},
  author =	 {Frank Dabek and M. Frans Kaashoek and David Karger
                  and Robert Morris and Ion Stoica},
  booktitle =	 {Proc. of the 18th ACM Symposium on Operating Systems
                  Principles (SOSP)},
  year =	 {2001},
  month =	 {October},
  address =	 {Chateau Lake Louise, Banff, Canada},
  pages =	 {},
}

@inproceedings{Capriccio,
  author =	 {Rob {von Behren} and Jeremy Condit and Feng Zhou and
                  George C. Necula and Eric Brewer},
  title =	 {{Capriccio: Scalable Threads for Internet Services}},
  booktitle =	 {Proc. of the 19th ACM Symposium on Operating Systems
                  Principles (SOSP)},
  year =	 {2003},
  isbn =	 {1-58113-757-5},
  pages =	 {268--281},
  location =	 {Bolton Landing, NY, USA},
  doi =		 {http://doi.acm.org/10.1145/945445.945471},
  publisher =	 {ACM Press},
}

@inproceedings{Castro2002,
  author =	 {Miguel Castro and Peter Druschel and Ayalvadi Ganesh
                  and Antony Rowstron and Dan S. Wallach},
  title =	 {{Secure Routing for Structured Peer-to-Peer Overlay
                  Networks}},
  booktitle =	 {Proc. of the 5th Usenix Symposium on Operating
                  Systems Design and Implementation},
  year =	 {2002},
  month =	 dec,
  pages =	 {299--314},
  address =	 {{Boston}, {MA}, {USA}},
}

@article{Chaum1981,
  author =	 "D. Chaum",
  title =	 {{Untraceable Electronic Mail, Return Addresses, and
                  Digital Pseudonyms}},
  journal =	 {Communications of the ACM},
  volume =	 24,
  number =	 2,
  pages =	 {84-90},
  year =	 1981
}

@inproceedings{Chord,
  author =	 "Ion Stoica and Robert Morris and David Karger and
                  M. Frans Kaashoek and Hari Balakrishnan",
  title =	 {{Chord: Scalable {Peer-To-Peer} Lookup Service for
                  Internet Applications}},
  booktitle =	 "Proc. of the ACM SIGCOMM Conference",
  pages =	 "149--160",
  year =	 "2001",
  url =		 "citeseer.nj.nec.com/stoica01chord.html"
}

@inproceedings{Claessen1999,
  author =	 {J. Claessens and B. Preneel and J. Vandewalle},
  title =	 "Proc. of the Solutions for Anonymous Communication
                  on the Internet",
  booktitle =	 "IEEE ICCST",
  year =	 1999
}

@article{Click,
  title =	 {{The Click Modular Router}},
  author =	 {Eddie Kohler and Robert Morris and Benjie Chen and
                  John Jannotti and M. Frans Kaashoek},
  journal =	 {ACM Transactions on Computer Systems},
  volume =	 {18},
  number =	 {3},
  year =	 {2000},
  month =	 {August},
  pages =	 {263--297},
}

@inproceedings{Considine2004,
  author =	 {Jeffrey Considine and Feifei Li and George Kollios
                  and John Byers},
  title =	 {{Approximate Aggregation Techniques for Sensor
                  Databases}},
  booktitle =	 {Proc. of the International Conference on Data
                  Engineering (ICDE)},
  year =	 {2004},
}

@inproceedings{Cougar,
  author =	 "Philippe Bonnet and Johannes Gehrke and Praveen
                  Seshadri",
  title =	 {{Towards Sensor Database Systems}},
  booktitle =	 {Proc. of the IEEE International Conference on Mobile
                  Data Management (MDM)},
  month =	 jan,
  address =	 "Hong Kong",
  publisher =	 {Springer},
  series =	 {Lecture Notes in Computer Science},
  volume =	 {1987},
  year =	 {2001},
}

@inproceedings{Cox2002,
  title =	 {{Serving DNS using Chord}},
  author =	 {Russ Cox and Athicha Muthitacharoen and Robert
                  Morris},
  booktitle =	 {Proc. 1st International Workshop on Peer-to-Peer
                  Systems (IPTPS)},
  year =	 {2002},
  month =	 {March},
  address =	 {Cambridge, MA},
}

@misc{DNS,
  title =	 {{Domain names -- implementation and specification}},
  author =	 "Paul Mockapetris",
  number =	 "RFC 1035",
  month =	 nov,
  year =	 1987
}

@misc{DNSProblems,
  key =		 "National Academies",
  year =	 2004,
  title =	 {{Internet Navigation and the Domain Name Systems:
                  Technical Alternatives and Policy Implications}},
  note =	 {\\\footnotesize{\url{http://www.nationalacademies.org/dns}}}
}

@inproceedings{Daswani2002,
  author =	 {Daswani, Neil and Garcia-Molina, Hector},
  title =	 {{Query-Flood DoS Attacks in Gnutella}},
  booktitle =	 {Proc. of the ACM Conference on Computer and
                  Communications Security},
  address =	 {Washington, DC, USA},
  pages =	 {181--192},
  year =	 {2002},
  month =	 nov,
}

@article{DataIndependence,
  author =	 {Joseph M. Hellerstein},
  title =	 {{Toward Network Data Independence}},
  journal =	 {SIGMOD Record},
  volume =	 32,
  issue =	 3,
  month =	 sep,
  year =	 2003
}

@article{DeWitt1992,
  author =	 {David J. DeWitt and Jim Gray},
  title =	 {{Parallel Database Systems: The Future of High
                  Performance Database Systems}},
  journal =	 {CACM},
  volume =	 {35},
  number =	 {6},
  year =	 {1992},
  pages =	 {85-98},
}

@inproceedings{DecQueriesRouting,
  title =	 {{Customizable Routing with Declarative Queries}},
  author =	 "Boon Thau Loo and Joseph M. Hellerstein and Ion
                  Stoica",
  booktitle =	 "Proc. of the ACM Workshop on Hot Topics in Networks
                  (HotNets)",
  address =	 "San Diego, CA",
  month =	 nov,
  year =	 2004
}

@book{DistributedBook,
  title =	 {{Principles of Distributed Database Systems (2nd
                  Edition)}},
  author =	 "M. Tamer Ozsu and Patrick Valduriez",
  year =	 1999,
  publisher =	 "Prentice Hall"
}

@inproceedings{Domino,
  author =	 {Yegneswaran, Vinod and Barford, Paul and Jha,
                  Somesh},
  title =	 {{Global Intrusion Detection in the DOMINO Overlay
                  System}},
  booktitle =	 {Proc. of the Network and Distributed System Security
                  Symposium (NDSS)},
  month =	 feb,
  year =	 2004
}

@inproceedings{Douceur2002,
  author =	 {John Douceur},
  title =	 {{The Sybil Attack}},
  booktitle =	 {Proc. of the 1st International Workshop on
                  Peer-to-Peer Systems (IPTPS)},
  pages =	 {251--260},
  year =	 {2002},
  address =	 {Boston, MA, USA},
  month =	 mar
}

@inproceedings{Eddies,
  author =	 {Ron Avnur and Joseph M. Hellerstein},
  title =	 {{Eddies: Continuously Adaptive Query Processing}},
  booktitle =	 {Proc. of the ACM SIGMOD International Conference on
                  Management of Data},
  year =	 {2000},
  month =	 may,
  address =	 "Dallas",
  pages =	 {261-272},
}

@inproceedings{Ergun1998,
  author =	 {Funda Erg{\"u}n and Sampath Kannan and S. Ravi Kumar
                  and Ronitt Rubinfeld and Mahesh Viswanathan},
  title =	 {{Spot-checkers}},
  booktitle =	 {Proc. of the 13th Annual ACM Symposium on Theory of
                  Computing},
  year =	 {1998},
  pages =	 {259--268},
  address =	 {Dallas, TX, USA},
  publisher =	 {ACM Press},
}

@inproceedings{Farsite,
  title =	 {{FARSITE: Federated, Available, and Reliable Storage
                  for an Incompletely Trusted Environment}},
  author =	 "Atul Adya and William J. Bolosky and Miguel Castro
                  and Gerald Cermak and Ronnie Chaiken and John
                  R. Douceur and Jon Howell and Jacob R. Lorch and
                  Marvin Theimer and Roger P. Wattenhofer",
  booktitle =	 "Proc. of the 5th Symposium on Operating Systems
                  Design and Implementation (OSDI)",
  month =	 dec,
  year =	 2002,
  address =	 "Boston"
}

@inproceedings{Feldman2004,
  author =	 {Michal Feldman and Kevin Lai and Ion Stoica and John
                  Chuang},
  title =	 {{Robust Incentive Techniques For Peer-to-Peer
                  Networks}},
  booktitle =	 {Proc. of the 5th ACM conference on Electronic
                  commerce},
  year =	 {2004},
  pages =	 {102--111},
  address =	 {New York, NY, USA},
  publisher =	 {ACM Press},
}

@techreport{Freddies,
  author =	 {Ryan Huebsch and Shawn R. Jeffery},
  title =	 {{FREddies: DHT-Based Adaptive Query Processing via
                  FedeRated Eddies}},
  institution =	 {UC Berkeley},
  year =	 2004,
  number =	 {UCB/CSD-04-1339},
  month =	 jul
}

@misc{GTITM,
  author =	 "Ken Calvert and Ellen Zegura",
  title =	 {{{GT} Internetwork Topology Models {(GT-ITM)}}},
  note =
                  {\url{http://www.cc.gatech.edu/projects/gtitm/gt-itm/README}}
}

@article{Gamma,
  author =	 {David J. Dewitt and Shahram Ghandeharizadeh and
                  Donovan A. Schneider and Allan Bricker and Hui-I
                  Hsiao and Rick Rasmussen},
  title =	 {{The Gamma Database Machine Project}},
  journal =	 {IEEE Transactions on Knowledge and Data Engineering},
  volume =	 {2},
  number =	 {1},
  year =	 {1990},
  issn =	 {1041-4347},
  pages =	 {44--62},
  doi =		 {http://dx.doi.org/10.1109/69.50905},
  publisher =	 {IEEE Educational Activities Department},
}

@Article{Gibbons2003,
  author =	 {Phillip B. Gibbons and Brad Karp and Yan Ke and
                  Suman Nath and Srinivasan Seshan},
  title =	 {{IrisNet: An Architecture for a World-Wide Sensor
                  Web}},
  journal =	 {IEEE Pervasive Computing},
  year =	 2003,
  volume =	 2,
  number =	 4,
  month =	 {October-December}
}

@inproceedings{Gigabyte,
  author =	 "I. H. Witten and A. Moffat and T. C. Bell",
  title =	 {{Managing Gigabytes: Compressing and Indexing
                  Documents and Images}},
  month =	 "May",
  year =	 "1999"
}

@article{Gilbert2002,
  author =	 "Seth Gilbert and Nancy Lynch",
  title =	 {{Brewer's Conjecture and the Feasibility of
                  {Consistent, Available, Partition-tolerant} Web
                  Services}},
  journal =	 "ACM SIGACT News",
  volume =	 33,
  number =	 2,
  month =	 jun,
  year =	 2002
}

@misc{Gnutella,
  key =		 "Gnutella",
  title =	 {{Gnutella}},
  note =	 "{\url{http://gnutella.wego.com}}"
}

@inproceedings{Goldberg1997,
  author =	 {I. Goldberg and D. Wagner and E. A. Brewer},
  title =	 {{Privacy-enhancing technologies for the {Internet}}},
  booktitle =	 {IEEE COMPCON},
  year =	 1997
}

@inproceedings{Goodrich2001,
  author =	 {Goodrich, Michael T. and Tamassia, Roberto and
                  Schwerin, Andrew},
  title =	 {{Implementation of an Authenticated Dictionary with
                  Skip Lists and Commutative Hashing}},
  booktitle =	 {Proc. of the DARPA Information Survivability
                  Conference and Exposition (DISCEX)},
  year =	 {2001},
  address =	 {Anaheim, CA, USA},
  month =	 jun,
}

@article{Graefe1993,
  author =	 "Goetz Graefe",
  title =	 {{{Query Evaluation Techniques for Large Databases}}},
  journal =	 "{ACM Computing Surveys}",
  volume =	 25,
  number =	 2,
  month =	 jun,
  year =	 1993,
  pages =	 "73-170"
}

@techreport{Gray1989,
  author =	 "Jim Gray",
  title =	 {{Transparency in its Place -- The Case Against
                  Transparent Access to Geographically Distributed
                  Data}},
  institution =	 {Tandem},
  number =	 "89.1",
  year =	 1989
}

@inproceedings{Gribble2001,
  author =	 "Steven D. Gribble and Alon Y. Halevy and Zachary
                  G. Ives and Maya Rodrig and Dan Suciu",
  title =	 {{What Can Databases Do for Peer-to-Peer?}},
  booktitle =	 "Proc. of the 4th International Workshop on the Web
                  and Databases (WebDB)",
  address =	 "Santa Barbara",
  month =	 May,
  year =	 2001
}

@inproceedings{Gupta2003,
  author =	 "Abhishek Gupta and Divyakant Agrawal and Amr El
                  Abbadi",
  title =	 {{Approximate Range Selection Queries in
                  Peer-to-peer}},
  booktitle =	 cidr03,
  month =	 jan,
  year =	 2003
}

@PhdThesis{Hassan1995,
  author =	 "W. Hasan",
  title =	 {{Optimization of SQL Queries for Parallel Machines}},
  school =	 "Stanford University",
  year =	 1995,
  holder =	 thesis
}

@Misc{Hippocrates,
  author =	 {Hippocrates},
  title =	 {{Epidemics, Bk. I, Sect. II, No. 5}},
  howpublished =
                  {\url{http://classics.mit.edu/Hippocrates/epidemics.html}},
  year =	 {400BC}
}

@proceedings{IPTPS2002,
  title =	 {{First International Workshop on Peer-to-Peer
                  Systems (IPTPS '02)}},
  editor =	 "Frans Kaashoek and Antony Rowstron",
  month =	 mar,
  year =	 2002,
  address =	 "Cambridge, MA",
  note =	 "\url{http://www.cs.rice.edu/Conferences/IPTPS02/}"
}

@inproceedings{IngresStar,
  author =	 {Robert S. Epstein and Michael Stonebraker and Eugene
                  Wong},
  title =	 {{Distributed Query Processing in a Relational Data
                  Base System}},
  booktitle =	 {Proc. of the ACM SIGMOD International Conference on
                  Management of Data},
  address =	 {Austin, Texas},
  month =	 {may},
  year =	 {1978},
  pages =	 {169-180}
}

@inproceedings{Internet,
  author =	 "David D. Clark",
  title =	 {{The Design Philosophy of the {DARPA} Internet
                  Protocols}},
  booktitle =	 "Proc. of the ACM SIGCOMM Conference",
  month =	 aug,
  year =	 1988
}

@inproceedings{Ivy,
  title =	 {{Ivy: A Read/Write Peer-to-peer File System}},
  author =	 {Athicha Muthitacharoen and Robert Morris and Thomer
                  Gil and Benjie Chen},
  booktitle =	 {Proc. of the 5th USENIX Symposium on Operating
                  Systems Design and Implementation (OSDI)},
  year =	 {2002},
  month =	 {December},
  address =	 {Boston, Massachusetts},
}

@inproceedings{Kapitskaia2000,
  author =	 {Olga Kapitskaia and Raymond T. Ng and Divesh
                  Srivastava},
  title =	 {{Evolution and Revolutions in LDAP Directory
                  Caches}},
  booktitle =	 {Proc. of the International Conference on Extending
                  Database Technology (EDBT)},
  address =	 {Konstanz, Germany},
  month =	 mar,
  year =	 2000,
  pages =	 {202-216}
}

@misc{Kazaa,
  key =		 "Kazaa",
  title =	 {{Kazaa}},
  note =	 "\url{http://www.kazaa.com}"
}

@inproceedings{Kempe2003,
  author =	 {David Kempe and Jon Kleinberg and \'Eva Tardos},
  title =	 {{Maximizing the Spread of Influence Through a Social
                  Network}},
  booktitle =	 {Proc. of the 9th ACM SIGKDD International Conference
                  on Knowledge Discovery and Data Mining},
  year =	 {2003},
  month =	 aug,
  pages =	 {137--146},
  location =	 {Washington, D.C., USA},
  publisher =	 {ACM Press},
}

@inproceedings{Koorde,
  author =	 "M. Frans Kaashoek and David Karger",
  title =	 {{Koorde: A simple degree-optimal distributed hash
                  table}},
  booktitle =	 "Proc. of the 2nd International Workshop on
                  Peer-to-Peer Systems (IPTPS)",
  address =	 "Berkeley, CA",
  month =	 Feb,
  year =	 "2003"
}

@misc{LDAP,
  title =	 {{Lightweight Directory Access Protocol (v3):
                  Technical Specification}},
  author =	 "Jeff Hodges and RL Bob Morgan",
  number =	 "RFC 3377",
  month =	 sep,
  year =	 2002,
}

@inproceedings{Mackert1986,
  author =	 {Lothar F. Mackert and Guy M. Lohman},
  title =	 {{{R*} Optimizer Validation and Performance
                  Evaluation for Distributed Queries}},
  booktitle =	 {Proc. of the 12th International Conference on Very
                  Large Data Bases (VLDB)},
  month =	 aug,
  address =	 "Kyoto",
  year =	 {1986},
  pages =	 {149-159},
}

@inproceedings{Maniatis2002b,
  author =	 {Petros Maniatis and Mary Baker},
  title =	 {{Secure History Preservation Through Timeline
                  Entanglement}},
  booktitle =	 {Proc. of the 11th USENIX Security Symposium},
  pages =	 {297--312},
  year =	 {2002},
  address =	 {San Francisco, {CA}, {USA}},
  month =	 aug,
}

@inproceedings{Maniatis2004,
  author =	 {Petros Maniatis and TJ Giuli and Mema Roussopoulos
                  and David S. H. Rosenthal and Mary Baker},
  title =	 {{Impeding Attrition Attacks in P2P Systems}},
  booktitle =	 {{Proc. of the 11th ACM SIGOPS European Workshop}},
  year =	 {2004},
  address =	 {Leuven, Belgium},
  month =	 sep,
  organization = {ACM SIGOPS},
}

@article{Mariposa,
  author =	 {Michael Stonebraker and Paul M. Aoki and Witold
                  Litwin and Avi Pfeffer and Adam Sah and Jeff Sidell
                  and Carl Staelin and Andrew Yu},
  title =	 {{Mariposa: A Wide-Area Distributed Database System}},
  journal =	 {VLDB Journal},
  volume =	 {5},
  number =	 {1},
  year =	 {1996},
  pages =	 {48-63},
}

@inproceedings{Mercury,
  author =	 {Ashwin R. Bharambe and Sanjay Rao and Srinivasan
                  Seshan},
  title =	 {{Mercury: A Scalable Publish-Subscribe System for
                  Internet Games}},
  booktitle =	 {Proc. of the 1st Workshop on Network and System
                  Support for Games},
  year =	 {2002},
  isbn =	 {1-58113-493-2},
  pages =	 {3--9},
  location =	 {Bruanschweig, Germany},
  doi =		 {http://doi.acm.org/10.1145/566500.566501},
  publisher =	 {ACM Press},
}

@inproceedings{Merkle1980,
  author =	 {Merkle, Ralph C.},
  title =	 {{Protocols for Public Key Cryptosystems}},
  booktitle =	 {Proc. of the Symposium on Security and Privacy},
  pages =	 {122--133},
  year =	 {1980},
  address =	 {Oakland, {CA}, {U.S.A.}},
  month =	 apr,
  organization = {{IEEE} Computer Society},
}

@techreport{Multicast,
  author =	 {Ryan Huebsch},
  title =	 {{Content-Based Multicast: Comparison of
                  Implementation Options}},
  institution =	 {UC Berkeley},
  year =	 2003,
  number =	 {UCB/CSD-03-1229},
  month =	 feb
}

@techreport{Multicast-TR,
  author =	 {Ryan Huebsch},
  title =	 {{Content-Based Multicast: Comparison of
                  Implementation Options}},
  institution =	 {UC Berkeley},
  year =	 2003,
  number =	 {UCB/CSD-03-1229},
  month =	 feb,
}

@misc{NS,
  key =		 "NS",
  year =	 2004,
  title =	 {{The Network Simulator - ns2}},
  note =	 {\\\url{http://www.isi.edu/nsnam/ns/index.html}}
}
@inproceedings{Nath2004,
  author =	 {Suman Nath and Phillip Gibbons and Zachary Anderson
                  and Srinivasan Seshan},
  title =	 {{Synopsis Diffusion for Robust Aggregation in Sensor
                  Networks}},
  booktitle =	 {Proc. of the 2nd ACM Conference on Embedded
                  Networked Sensor Systems (SenSys)},
  year =	 {2004},
  address =	 {Baltimore, MD, USA},
  month =	 nov,
}
@misc{NetworkWizards,
  author =	 "Internet Software Consortium",
  title =	 {{Network Wizards Internet Domain Survey}},
  note =	 "\url{http://www.isc.org/ds/host-count-history.html}"
}
@article{OLAP,
  author =	 "Surajit Chaudhuri and Umeshwar Dayal",
  title =	 {{An Overview of Data Warehousing and {OLAP}
                  Technology}},
  journal =	 "SIGMOD Record",
  volume =	 26,
  number =	 1,
  month =	 mar,
  year =	 1997
}
@inproceedings{Oceanstore,
  title =	 {{OceanStore: An Architecture for Global-Scale
                  Persistent Storage}},
  author =	 "John Kubiatowicz and David Bindel and Yan Chen and
                  Steven Czerwinski and Patrick Eaton and Dennis Geels
                  and Ramakrishna Gummadi and Sean Rhea and Hakim
                  Weatherspoon and Westley Weimer and Chris Wells and
                  Ben Zhao",
  booktitle =	 "Proc. of the 9th International Conference on
                  Architectural Support for Programming Languages and
                  Operating Systems (ASPLOS)",
  month =	 nov,
  year =	 2000
}
@inproceedings{P2PWebSearch,
  author =	 "Jinyang Li and Boon Thau Loo and Joseph Hellerstein
                  and Frans Kaasheok and David Karger and Robert
                  Morris",
  title =	 {{On the Feasibilty of Peer-to-Peer Web Indexing and
                  Search}},
  booktitle =	 "Proc. of the 2nd International Workshop on
                  Peer-to-Peer Systems (IPTPS)",
  city =	 "Berkeley, CA",
  month =	 "Feb",
  year =	 "2003",
}
@techreport{PHT,
  author =	 {Sylvia Ratnasamy and Joseph M. Hellerstein and Scott
                  Shenker},
  title =	 {{Range Queries over DHTs}},
  institution =	 {Intel Research Berkeley},
  year =	 2003,
  number =	 {IRB-TR-03-009},
  month =	 jun
}
@inproceedings{PIER2002,
  author =	 "Matthew Harren and Joseph M. Hellerstein and Ryan Huebsch and
                  Boon Thau Loo and Scott Shenker and Ion Stoica",
  title =	 {{Complex Queries in DHT-based Peer-to-Peer Networks.}},
  booktitle =	 "Proc. of the 1st International Workshop on
                  Peer-to-Peer Systems (IPTPS)",
  city =	 "Cambridge, MA",
  month =	 "March",
  year =	 "2002"
}
@inproceedings{PIER2003,
  author =	 { Ryan Huebsch and Joseph M. Hellerstein and Nick
                  Lanham and Boon Thau Loo and Scott Shenker and Ion
                  Stoica },
  title =	 {{ Querying the Internet with PIER }},
  booktitle =	 vldb03,
  month =	 { September },
  year =	 { 2003 }
}
@inproceedings{PTree,
  author =	 {Adina Crainiceanu and Prakash Linga and Johannes
                  Gehrke and Jayavel Shanmugasundaram},
  title =	 {{Querying Peer-to-Peer Networks Using P-Trees}},
  booktitle =	 "Proc. of the 7th International Workshop on the Web
                  and Databases (WebDB)",
  address =	 "Paris, France",
  month =	 jun,
  year =	 2004
}
@inproceedings{Padhye2001,
  author =	 "Jitendra Padhye and Sally Floyd",
  title =	 {{Identifying the {TCP} Behavior of Web Servers}},
  booktitle =	 "Proc. of the ACM SIGCOMM Conference",
  month =	 Jun,
  year =	 2001
}
@inproceedings{Pastiche,
  title =	 {{Pastiche: making backup cheap and easy}},
  author =	 "P. Cox and B. D. Noble",
  booktitle =	 "Proc. of the 5th Symposium on Operating Systems
                  Design and Implementation (OSDI)",
  month =	 dec,
  year =	 2002,
  address =	 "Boston"
}
@article{Pastry,
  author =	 "Antony Rowstron and Peter Druschel",
  title =	 {{Pastry: Scalable, Decentralized Object Location, and
                  Routing for Large-Scale Peer-to-Peer Systems}},
  journal =	 "Lecture Notes in Computer Science",
  volume =	 "2218",
  year =	 "2001",
  url =		 "citeseer.nj.nec.com/article/rowstron01pastry.html"
}
@inproceedings{PeerDB,
  author =	 {Wee Siong Ng and Beng Chin Ooi and Kian-Lee Tan and
                  Aoying Zhou},
  title =	 {{PeerDB: A P2P-based System for Distributed Data
                  Sharing}},
  booktitle =	 {Proc. of the 19th International Conference on Data
                  Engineering (ICDE)},
  address =	 {Bangalore, India},
  year =	 2003,
  month =	 mar
}
@inproceedings{Piazza,
  author =	 "Alon Y. Halevy and Zachary G. Ives and Dan Suciu and
                  Igor Tatarinov",
  title =	 {{Schema Mediation in Peer Data Management Systems}},
  year =	 2003,
  booktitle =	 "Proc. of the 19th International Conference on Data
                  Engineering (ICDE)",
  address =	 "Bangalore, India"
}
@techreport{PierExperiences,
  author =	 {Ryan Huebsch and Brent Chun and Joseph
                  M. Hellerstein},
  title =	 {{PIER on PlanetLab: Initial Experience and Open
                  Problems}},
  institution =	 {Intel Research Berkeley},
  year =	 2003,
  number =	 {IRB-TR-03-043},
  month =	 nov
}
@inproceedings{PierHybrid2004,
  title =	 {{ The Case for a Hybrid {P2P} Search Infrastructure}},
  author =	 {Boon Thau Loo and Ryan Huebsch and Ion Stoica and
                  Joseph M. Hellerstein},
  booktitle =	 {Proc. of the 3rd International Workshop on
                  Peer-to-Peer Systems (IPTPS)},
  year =	 {2004},
  month =	 {February},
  address =	 {San Diego, CA},
}
@inproceedings{PierSearch,
  author =	 { Boon Thau Loo and Joseph M. Hellerstein and Ryan
                  Huebsch and Scott Shenker and Ion Stoica },
  title =	 {{Enhancing P2P File-Sharing with an Internet-Scale
                  Query Processor}},
  booktitle =	 vldb04,
  month =	 { September },
  year =	 { 2004 }
}
@inproceedings{Planetlab,
  title =	 {{A Blueprint for Introducing Disruptive Technology
                  into the {Internet}}},
  author =	 "Larry Peterson and Tom Anderson and David Culler and
                  Timothy Roscoe",
  booktitle =	 "Proc. of the 1st ACM Workshop on Hot Topics in
                  Networks (HotNets)",
  address =	 "Princeton",
  month =	 oct,
  year =	 2002
}


@Article{Renesse2003,
  author =	 {Robbert van Renesse and Kenneth Birman and Werner
                  Vogels},
  title =	 {{Astrolabe: A Robust and Scalable Technology for
                  Distributed System Monitoring, Management, and Data
                  Mining}},
  journal =	 {ACM Transactions on Computer Systems},
  year =	 2003,
  volume =	 21,
  number =	 2,
  pages =	 {164-206},
  month =	 {May}
}
@unpublished{Reynolds2002,
  author =	 "P. Reynolds and A. Vahdat",
  title =	 {{Efficient Peer-to-Peer Keyword Searching}},
  month =	 "June",
  year =	 "2002",
  note =	 {\url{http://issg.cs.duke.edu/search/}}
}
@inproceedings{SDD1,
  author =	 {Philip A. Bernstein and Nathan Goodman and Eugene
                  Wong and Christopher L. Reeve and James B. Rothnie
                  Jr.},
  title =	 {{Query Processing in a System for Distributed
                  Databases (SDD-1)}},
  booktitle =	 {Proc. of the ACM Transactions of Database Systems},
  volume =	 6,
  issue =	 4,
  pages =	 {602-625},
  year =	 1981
}
@inproceedings{SDIMS,
  author =	 "Praveen Yalagandula and Mike Dahlin",
  title =	 {{SDIMS: A Scalable Distributed Information Management
                  System}},
  booktitle =	 "Proc. of the ACM SIGCOMM Conference",
  year =	 "2004",
  address =	 "Portland, Oregon"
}
@misc{SQLSlammer,
  title =	 {{Worm Hits Microsoft, Which Ignored Own Advice}},
  author =	 "John Schwartz",
  journal =	 "The New York Times",
  month =	 jan,
  day =		 28,
  year =	 2003
}
@inproceedings{Scribe,
  title =	 {{Scribe: A large-scale and decentralized
                  application-level multicast infrastructure}},
  author =	 {Miguel Castro and Peter Druschel and Anne-Marie
                  Kermarrec and Antony Rowstron},
  booktitle =	 {Proc. of the IEEE Journal on Selected Areas in
                  Communications (JSAC) (Special issue on Network
                  Support for Multicast Communications)},
  year =	 {2002},
  month =	 {October},
}
@inproceedings{Seda,
  author =	 {Matt Welsh and David Culler and Eric Brewer},
  title =	 {{SEDA: An Architecture for Well-Conditioned, Scalable
                  Internet Services}},
  booktitle =	 {Proc. of the 18th ACM symposium on Operating systems
                  principles (SOSP)},
  year =	 {2001},
  isbn =	 {1-58113-389-8},
  pages =	 {230--243},
  location =	 {Banff, Alberta, Canada},
  doi =		 {http://doi.acm.org/10.1145/502034.502057},
  publisher =	 {ACM Press},
}
@inproceedings{Selinger,
  author =	 {Patricia G. Selinger and Morton M. Astrahan and
                  Donald D. Chamberlin and Raymond A. Lorie and Thomas
                  G. Price},
  title =	 {{Access Path Selection in a Relational Database
                  Management System}},
  booktitle =	 {Proc. of the ACM SIGMOD International Conference on
                  Management of Data},
  address =	 "Boston",
  month =	 may,
  year =	 {1979},
  pages =	 {23-34},
}
@inproceedings{Shatdal1995,
  author =	 {Ambuj Shatdal and Jeffrey F. Naughton},
  title =	 {{Adaptive Parallel Aggregation Algorithms}},
  booktitle =	 {Proc. of the ACM SIGMOD international conference on
                  Management of data},
  year =	 {1995},
  isbn =	 {0-89791-731-6},
  pages =	 {104--114},
  location =	 {San Jose, California, United States},
  doi =		 {http://doi.acm.org/10.1145/223784.223801},
  publisher =	 {ACM Press},
}
@inproceedings{Snort,
  title =	 {{Snort -- Lightweight Intrusion Detection for
                  Networks}},
  author =	 {Martin Roesch},
  booktitle =	 {Proc of the 13th USENIX Systems Administration
                  Conference (LISA)},
  month =	 nov,
  year =	 1999,
  address =	 "Seattle, WA"
}
@inproceedings{Sophia2003,
  author =	 {Mike Wawrzoniak and Larry Peterson and Timothy
                  Roscoe},
  title =	 {{Sophia: An Information Plane for Networked
                  Systems}},
  booktitle =	 {Proc. of the 2nd ACM Workshop on Hot Topics in
                  Networks (HotNets)},
  address =	 {MA, USA},
  year =	 2003,
  month =	 {November}
}
@inproceedings{Srinivasan2002,
  title =	 {{Network Measurement as a Cooperative Enterprise}},
  author =	 "Sridhar Srinivasan and Ellen Zegura",
  booktitle =	 "Proc. of the 1st International Workshop on
                  Peer-to-Peer Systems (IPTPS)",
  address =	 "Cambridge, MA",
  month =	 mar,
  year =	 2002
}
@article{SystemR,
  author =	 {Morton M. Astrahan and Mike W. Blasgen and Donald
                  D. Chamberlin and Jim Gray and W. Frank King III and
                  Bruce G. Lindsay and Raymond A. Lorie and James
                  W. Mehl and Thomas G. Price and Gianfranco
                  R. Putzolu and Mario Schkolnick and Patricia
                  G. Selinger and Donald R. Slutz and H. Raymond
                  Strong and Paolo Tiberio and Irving L. Traiger and
                  Bradford W. Wade and Robert A. Yost},
  title =	 {{System {R}: A Relational Data Base Management
                  System}},
  journal =	 {IEEE Computer},
  volume =	 {12},
  number =	 {5},
  year =	 {1979},
  pages =	 {42-48},
}
@techreport{SystemRStar,
  author =	 {Guy Lohman and C. Mohan and Laura M. Haas and
                  B. G. Lindsay and Paul F. Wilms
                  and Dean Daniels},
  title =	 {{Query Processing in R*}},
  year =	 1984,
  institution =	 {IBM Research Report},
  month =	 apr,
  number =	 {R.14272}
}
@inproceedings{TAG,
  title =	 {{{TAG}: A {T}iny {AG}gregation Service for Ad-Hoc
                  Sensor Networks}},
  author =	 "Samuel Madden and Michael J. Franklin and Joseph
                  M. Hellerstein and Wei Hong",
  booktitle =	 "Proc. of the 5th Symposium on Operating Systems
                  Design and Implementation (OSDI)",
  month =	 dec,
  year =	 2002,
  address =	 "Boston"
}
@inproceedings{Tang2002,
  author =	 "Chunqiang Tang and Zhichen Xu and Mallik Mahalingam",
  title =	 {{pSearch: Information Retrieval in Structured
                  Overlays}},
  booktitle =	 "Proc. of the 1st ACM Workshop on Hot Topics in
                  Networks (HotNets)",
  city =	 "Princeton, NJ",
  month =	 "October",
  year =	 "2002"
}
@techreport{Tapestry,
  author =	 {B. Y. Zhao and J. D. Kubiatowicz and A. D. Joseph},
  title =	 {{Tapestry: An Infrastructure for Fault-tolerant
                  Wide-area Location and Routing}},
  institution =	 {UC Berkeley},
  year =	 2001,
  number =	 {UCB/CSD-01-1141},
  month =	 apr,
  url =		 {citeseer.nj.nec.com/zhao01tapestry.html}
}
@article{TelegraphJava,
  author =	 {Mehul A. Shah and Samuel R. Madden and Michael
                  J. Franklin and Joseph M. Hellerstein},
  title =	 {{Java Support for Data-Intensive Systems: Experiences
                  Building the Telegraph Dataflow System}},
  journal =	 {ACM SIGMOD Record},
  volume =	 30,
  issue =	 4,
  month =	 dec,
  year =	 2001
}
@inproceedings{Tukwila,
  author =	 {Zachary G. Ives and Daniela Florescu and Marc
                  Friedman and Alon Levy and Daniel S. Weld},
  title =	 {{An Adaptive Query Execution System for Data
                  Integration}},
  booktitle =	 "Proc. of the ACM SIGMOD Conference on Management of
                  Data",
  address =	 "Philadelphia, PA",
  month =	 jun,
  year =	 1999
}
@inproceedings{Volcano,
  author =	 {Goetz Graefe},
  title =	 {{Encapsulation of Parallelism in the Volcano Query
                  Processing System}},
  booktitle =	 {Proc. of the ACM SIGMOD International Conference on
                  Management of Data},
  address =	 "Atlantic City",
  month =	 may,
  publisher =	 {ACM Press},
  year =	 {1990},
  pages =	 {102-111},
}
@inproceedings{Wallach2002,
  author =	 {Dan Wallach},
  title =	 {{A Survey of Peer-to-Peer Security Issues}},
  booktitle =	 {Proc. of the International Symposium on Software
                  Security},
  year =	 {2002},
}
@inproceedings{Wilschut1991,
  author =	 {Annita N. Wilschut and Peter M. G. Apers},
  title =	 {{Dataflow Query Execution in a Parallel Main-Memory
                  Environment}},
  booktitle =	 {Proc. of the 1st International Conference on
                  Parallel and Distributed Information Systems (PDIS)},
  pages =	 {68-77},
  year =	 1991
}
@inproceedings{Yumerefendi2004,
  author =	 {Aydan R. Yumerefendi and Jeffrey Chase},
  title =	 {{Trust but Verify: Accountability for Internet
                  Services}},
  booktitle =	 {{Proc. of the 11th ACM SIGOPS European Workshop}},
  year =	 {2004},
  address =	 {Leuven, Belgium},
  month =	 sep,
  organization = {ACM SIGOPS},
}
@inproceedings{cacq,
  author =	 "Samuel Madden and Mehul Shah and Joseph
                  M. Hellerstein and Vijayshankar Raman",
  title =	 {{Continuously Adaptive Continuous Queries}},
  booktitle =	 {Proc. of the ACM SIGMOD International Conference on
                  Management of Data},
  year =	 2002,
  address =	 "Madison",
  month =	 jun
}
@inproceedings{stairs,
  author =	 "Amol Deshpande and Joseph M. Hellerstein",
  title =	 {{Lifting the Burden of History from Adaptive Query
                  Processing}},
  booktitle =	 vldb04,
  month =	 Sep,
  year =	 2004
}
@inproceedings{stems,
  author =	 "Vijayshankar Raman and Amol Deshpande and Joseph
                  M. Hellerstein",
  title =	 {{Using State Modules for Adaptive Query Processing}},
  booktitle =	 "Proc. of the 19th International Conference on Data
                  Engineering (ICDE)",
  month =	 mar,
  year =	 2003,
  address =	 "Bangalore, India"
}
@inproceedings{tiandewitt02,
  booktitle =	 vldb03,
  author =	 "Feng Tian and David J. DeWitt",
  title =	 {{Tuple Routing Strategies for Distributed Eddies}},
  month =	 sep,
  year =	 2003
}

@article{Flajolet1985,
  author =	 {Philippe Flajolet and G. Nigel Martin},
  title =	 {{Probabilistic Counting Algorithms for Data Base
                  Applications}},
  journal =	 {J. Comput. Syst. Sci.},
  volume =	 {31},
  number =	 {2},
  year =	 {1985},
  issn =	 {0022-0000},
  pages =	 {182--209},
  doi =		 {http://dx.doi.org/10.1016/0022-0000(85)90041-8},
  publisher =	 {Academic Press, Inc.},
}

