
@book{DBTextbook,
 author = {Raghu Ramakrishnan and Johannes Gehrke},
 title = {Database Management Systems},
 year = {2000},
 isbn = {0072465352},
 publisher = {McGraw-Hill Higher Education},
}

@article{bcfSIPS,
 author = {Inderpal Singh Mumick and Sheldon J. Finkelstein and Hamid Pirahesh and Raghu Ramakrishnan},
 title = {Magic conditions},
 journal = {ACM Trans. Database Syst.},
 volume = {21},
 number = {1},
 year = {1996},
 issn = {0362-5915},
 pages = {107--155},
 doi = {http://doi.acm.org/10.1145/227604.227624},
 publisher = {ACM Press},
 address = {New York, NY, USA},
 }

article{aries,
 author = {C. Mohan and Don Haderle and Bruce Lindsay and Hamid Pirahesh and Peter Schwarz},
 title = {{ARIES}: A transaction recovery method supporting fine-granularity locking and partial rollbacks using write-ahead logging},
 journal = {ACM Trans. Database Syst.},
 volume = {17},
 number = {1},
 year = {1992},
 issn = {0362-5915},
 pages = {94--162},
 doi = {http://doi.acm.org/10.1145/128765.128770},
 publisher = {ACM Press},
 address = {New York, NY, USA},
}
@article{postgres,
 author = {Michael Stonebraker and Greg Kemnitz},
 title = {The {POSTGRES} next generation database management system},
 journal = {Commun. ACM},
 volume = {34},
 number = {10},
 year = {1991},
 issn = {0001-0782},
 pages = {78--92},
 doi = {http://doi.acm.org/10.1145/125223.125262},
 publisher = {ACM Press},
 address = {New York, NY, USA},
 }
@book{lfs,
author="Mendel Rosenblum",
title = "The Design and Implementation of a Log-Structured File System",
publisher = "Springer",
year = 1995
}
@article{capriccio,
 author = {Rob von Behren and Jeremy Condit and Feng Zhou and George C. Necula and Eric Brewer},
 title = {Capriccio: scalable threads for internet services},
 journal = {SIGOPS Oper. Syst. Rev.},
 volume = {37},
 number = {5},
 year = {2003},
 issn = {0163-5980},
 pages = {268--281},
 doi = {http://doi.acm.org/10.1145/1165389.945471},
 publisher = {ACM Press},
 address = {New York, NY, USA},
}
@inproceedings{flash,
author = "Vivek S. Pai and Peter Druschel and Willy Zwaenepoel",
title = "Flash: An efficient and portable Web server",
booktitle = "USENIX Annual Technical Conference",
year=1999,
}
@inproceedings{sieve,
author = "Sam Lindley",
title = "Implementing deterministic declarative concurrency using sieves",
booktitle = "Workshop on Declarative Aspects of Multicore Programming",
year=2007,
}

@PhdThesis{bmdfm
,
  author = 	 {Oleksandr Pochayevets},
  title = 	 {BMDFM: A Hybrid Dataflow Runtime Parallelization Environment for Shared Memory Multiprocessors},
  school = 	 {Technical University Munich},
  OPTyear = 	 {},
  OPTkey = 	 {},
  OPTtype = 	 {},
  OPTaddress = 	 {},
  OPTmonth = 	 {},
  OPTnote = 	 {},
  OPTannote = 	 {}
}

@article{cilk,
 author = {Robert D. Blumofe and Christopher F. Joerg and Bradley C. Kuszmaul and Charles E. Leiserson and Keith H. Randall and Yuli Zhou},
 title = {Cilk: an efficient multithreaded runtime system},
 journal = {SIGPLAN Not.},
 volume = {30},
 number = {8},
 year = {1995},
 issn = {0362-1340},
 pages = {207--216},
 doi = {http://doi.acm.org/10.1145/209937.209958},
 publisher = {ACM Press},
 address = {New York, NY, USA},
}

@inproceedings{cohensosp05,
author = "Ira Cohen and Moises Goldszmidt and Steve Zhang and Armando
                  Fox and Julie Symons and Terence Kelly", 
title = "Capturing, Indexing, Clustering, and Retrieving System
                  History", 
booktitle= "Symposium on Operating System Principles (SOSP)", 
year=2005
}

@inproceedings{dalvisuciu05,
author="Nilesh Dalvi and Dan Suciu",
title="Query answering using statistics and probabilistic views", 
booktitle="International Conference on Very Large Data Bases (VLDB)",
year=2005
}

@article{malware-report,
author = "Robert Jaques",
title = "Cost of Malware Soars to \$166bn in 2004",
journal = "vnunet.com",
month = feb,
year = 2005,
note = "http://www.vnunet.com/2126635"
}

@inproceedings{sparetime,
title="How to 0wn the Internet in Your Spare Time",
author="Stuart Staniford and Vern Paxson and Nicholas Weaver",
booktitle = "Proceedings of the 11th USENIX Security Symposium",
year = 2002
}

@inproceedings{knowledgeplane,
title="A {Knowledge Plane} for the {Internet}",
author="David D. Clark and Craig Partridge and J. Christopher Ramming
                  and John T. Wroclawski",
booktitle="Proc. ACM-SIGCOMM", 
year=2003
}

@inproceedings{phi-cidr07,
title="Public Health for the Internet (PHI)",
author = "Joseph M.\ Hellerstein and Tyson Condie and Minos
                  Garofalakis and Boon Thau Loo and Petros Maniatis
                  and Timothy Roscoe and Nina A. Taft",
booktitle = "Conference on Innovative Data Systems Research (CIDR)",
year=2007
}

@inproceedings{loo-hotnets04,
author="Boon Thau Loo and Joseph M. Hellerstein and Ion Stoica",
title="Customizable Routing with Declarative Queries",
booktitle="HotNets",
month=Nov,
year="2004"
}

@inproceedings{dash06,
author="Denver Dash and Branislav Kveton and John Mark Agosta and Eve
                  Schooler and Jaideep Chandrashekar and Abraham
                  Bachrach and Alex Newman",
title="When gossip is good: distributed probabilistic inference for
                  detection of slow network intrusions", 
booktitle="Proceedings National Conference on Artificial
                  Intelligence", 
publisher="AAAI Press",
year=2006
}

@inproceedings{tourrouting,
 author = {Alexandra Meliou and David Chu and Joseph Hellerstein and
                  Carlos Guestrin and Wei Hong}, 
 title = {Data gathering tours in sensor networks},
 booktitle = {Proceedings International Conference on Information
                  Processing in Sensor Networks (IPSN)},
 year = {2006},
 }

@article{bbqjournal,
author="Amol Deshpande and Carlos Guestrin and Samuel Madden and
                  Joseph M. Hellerstein and Wei Hong",
title="Model-based approximate querying in sensor networks",
journal="VLDB Journal",
volume=14,
number=4,
year=2005
}

@inproceedings{bbq,
author="Amol Deshpande and Carlos Guestrin and Samuel Madden and
                  Joseph M. Hellerstein and Wei Hong",
title="Model-driven data acquisition in sensor networks",
booktitle="Proceedings International Conference on Very Large Data
                  Bases (VLDB)",
year=2004
}

@inproceedings{loo-sigcomm05,
  title =	 {{Declarative Routing: Extensible Routing with
                  Declarative Queries}},
  author =	 "Boon Thau Loo and Joseph M. Hellerstein and Ion Stoica
                  and Raghu Ramakrishnan",
  booktitle =	 "SIGCOMM",
  year =	 "2005"
}


@inproceedings{loo-sosp05,
  title =	 {{Implementing Declarative Overlays}},
  author =	 "Boon Thau Loo and Tyson Condie and Joseph
                  M. Hellerstein and Petros Maniatis and Timothy Roscoe
                  and Ion Stoica",
  booktitle =	 "SOSP",
  year =	 2005
}


@inproceedings{loo-sigmod06,
  title =	 {{Declarative Networking: Language, Execution and Optimization}},
  author =	 "Boon Thau Loo and Tyson Condie and Minos Garofalakis
                  and David E. Gay and Joseph M. Hellerstein and Petros
                  Maniatis and Raghu Ramakrishnan and Timothy Roscoe and
                  Ion Stoica",
  booktitle =	 "SIGMOD",
  year =	 "2006"
}


@inproceedings{kabradewitt,
  author =	 {Navin Kabra and David J. DeWitt},
  title =	 {{Efficient mid-query re-optimization of sub-optimal
                  query execution plans}},
  booktitle =	 {SIGMOD},
  year =	 {1998}
}


@inproceedings{singh-eurosys06,
  title =	 "Distributed Monitoring and Forensics in Overlay
                  Networks",
  author =	 "Atul Singh and Petros Maniatis and Timothy Roscoe and
                  Peter Druschel",
  booktitle =	 "EuroSys",
  year =	 "2006"
}


@inproceedings{condie-hotnets05,
title="Finally, a Use for Componentized Transport Protocols",
author="Tyson Condie and Joseph M. Hellerstein and Petros Maniatis and
                  Sean Rheaand Timothy Roscoe",
booktitle="HotNets IV",
year=2005
}

@article{chord,
 author = {Ion Stoica and Robert Morris and David Liben-Nowell and David R. Karger and M. Frans Kaashoek and Frank Dabek and Hari Balakrishnan},
 title = {Chord: a scalable peer-to-peer lookup protocol for internet applications},
 journal = {IEEE/ACM Trans. Netw.},
 volume = {11},
 number = {1},
 year = {2003},
 issn = {1063-6692},
 pages = {17--32},
 doi = {http://dx.doi.org/10.1109/TNET.2002.808407},
 publisher = {IEEE Press},
 }

@inproceedings{can,
        author = "Sylvia Ratnasamy and Paul Francis and Mark Handley and RichardKarp and Scott Shenker",
        title = "A Scalable Content-Addressable Network",
        booktitle = "Proceedings of SIGCOMM'2001",
        year = 2001,
        month = Aug
}

@InProceedings{bamboo,
  author =       {Sean Rhea and Dennis Geels and Timothy Roscoe and John Kubiatowicz},
  title =        {Handling {C}hurn in a {DHT}},
  booktitle =    {Proc. of the 2004 USENIX Technical Conference,
                  Boston, MA, USA},
  year =         2004,
  month =        {June}
}

@unpublished{paxon,
title="A Paxon Evaluation of P2",
author="Benjamin Szekely and Elias Torres", 
note="Harvard University. \url{http://torrez.us/2006/02/02/p2paxos.pdf}"
}

@inproceedings{mapreduce,
title="Map{R}educe: {S}implified Data Processing on Large Clusters",
author="Jeffrey Dean and Sanjay Ghemawat",
booktitle ="Proceedings International Conference on Operating Systems
                  Design and Implementation",
year=2004
}

@inproceedings{chu00case,
    author = "Yang-Hua Chu and Sanjay G. Rao and Hui Zhang",
    title = "A case for end system multicast",
    booktitle = "Proc. of ACM SIGMETRICS",
    pages = "1-12",
    year = "2000",
    url = "citeseer.ist.psu.edu/chu01case.html" 
}

@article{greco99,
author="Sergio Greco",
title="Dynamic Programming in Datalog with Aggregates",
journal = "IEEE Trans. Knowl. Data Eng.",
volume=11, number=2, pages="265--283", year= 1999
}

@article{hellerstein-undergrad03,
title="Exposing Undergraduate Students to Database System Internals",
author="Anastassia Ailamaki and Joseph M. Hellerstein",
journal="SIGMOD Record",
volume=32,
number=3,
month=Sep,
year="2003"
}

@inproceedings{pier-vldb,
title=" Querying the Internet with {PIER}",
author="Ryan Huebsch and Joseph M. Hellerstein and Nick Lanham and
                  Boon Thau Looand Scott Shenker and Ion Stoica",
booktitle="International Conference on Very Large Data Bases (VLDB)",
year=2003
}

@inproceedings{loo-vldb04,
title="Enhancing P2P File-Sharing with an Internet-Scale Query
                  Processor",
author="B. T. Loo and R. Huebsch and J. M. Hellerstein and S. Shenker
                  and I. Stoica",
booktitle="International Conference on Very Large Data Bases (VLDB)",
year=2004 
}

@inproceedings{pier-cidr05,
author="Ryan Huebsch and Brent Chun and Joseph M. Hellerstein and Boon
                  Thau Loo and Petros Maniatis and Timothy Roscoe and
                  Scott Shenker and Ion Stoica and Aydan
                  R. Yumerefendi",
title="The Architecture of {PIER}: an Internet-Scale Query Processor",
booktitle="Conference on Innovative Data Systems Research (CIDR)",
year=2005
}

@inproceedings{jain-hotnets04,
title="A Wakeup Call for Internet Monitoring Systems: The Case for
                  Distributed Triggers",
author="A. Jain and J. M. Hellerstein and S. Ratnasamy and
                  D. Wetherall",
booktitle="HotNets",
year=2004
}

@inproceedings{loo-iptps04,
author="Boon Thau Loo and Ryan Huebsch and Ion Stoica and Joseph
                  M. Hellerstein", 
title="The Case for a Hybrid P2P Search Infrastructure",
booktitle="International Workshop on Peer-to-Peer Systems (IPTPS)", 
month=Feb,
year="2004"
}

@inproceedings{li-iptps03,
author="Jinyang Li and Boon Thau Loo and Joseph Hellerstein and Frans
                  Kaashoek and David Karger and Robert Morris",
title="On the Feasibility of Peer-to-Peer Web Indexing and Search",
booktitle="International Workshop on Peer-to-Peer Systems (IPTPS)", 
month=Feb,
year="2003"
}

@article{lorincz04,
title = "Sensor networks for emergency response: challenges and
                  opportunities",
author="Lorincz, K.  and  Malan, D.J. and  Fulford-Jones, T.R.F. and
                  Nawoj, A. and   Clavel, A.   and Shnayder, V. and
                  Mainland, G.    and Welsh, M.   and Moulton, S.",
journal ="Pervasive Computing",
year= 2004,
volume=3,  
number=4
}

@article{kumar04,
author = "Vijay Kumar and Daniela Rus and Sanjiv Singh",
year = 2004,
volume=3, number=4,
title="Robot and Sensor Networks for First Responders",
journal = "Pervasive Computing"
}

@techreport{usgs-report05,
author = "{NOAA-USGS Debris Flow Task Force}",
title="NOAA-USGS Debris-Flow Warning System---Final Report",
institution = "United States Geological Survey",
number = 1283,
month = sep,
year = 2005
}

@inproceedings{ross92monotonic,
 author = {Kenneth A. Ross and Yehoshua Sagiv},
 title = {Monotonic aggregation in deductive databases},
 booktitle = {Proceedings ACM SIGACT-SIGMOD-SIGART Symposium on
                  Principles of Database Systems (PODS)},
 year = {1992}
 }

@book{modelchecking,
author="E. M. Clarke and O. Grumberg and D. A. Peled",
title = "Model Checking",
publisher = "MIT Press",
year = 1999
}

@inproceedings{tinyos,
author = {J. Hill and R. Szewczyk and A. Woo and S. Hollar and
                  D. E. Culler and K. S. J. Pister},
title = "System architecture directions for networked sensors",
booktitle="Proceedings {ASPLOS}",
year=2000
}


@inproceedings{overcast,
title={Overcast: Reliable Multicasting with an Overlay Network},
author="John Jannotti and David K. Gifford and Kirk L. Johnson and
                  M. Frans Kaashoek and James W. O'Toole, Jr.",
booktitle = "Symposium on Operating System Design and Implementation
                  (OSDI)",
year=2000
}

@article{networkoracle,
title="The Network Oracle",
author = "J. M. Hellerstein and V. Paxson and L. L. Peterson and
                  T. Roscoe and S. Shenker and D. Wetherall",
journal="IEEE Data Engineering Bulletin",
volume=28,
number=1,
year=2005
}

@inproceedings{dhtmulti,
title="The Impact of Heterogeneous Bandwidth
Constraints on {DHT}-Based Multicast Protocols",
author="Ashwin R. Bharambey and Sanjay G. Rao and Venkata
                  N. Padmanabhan and Srinivasan Seshan and Hui Zhang",
booktitle="International Workshop on Peer-To-Peer Systems (IPTPS)",
year=2005
}

@inproceedings{Borealis,
title="The Design of the Borealis Stream Processing Engine",
author="Daniel J. Abadi and Yanif Ahmad and Magdalena Balazinska and
                  Ugur Cetintemel and Mitch Cherniack and Jeong-Hyon
                  Hwang and Wolfgang Lindner and Anurag S. Maskey and
                  Alexander Rasin and Esther Ryvkina and Nesime Tatbul
                  and Ying Xing and Stan Zdonik", 
booktitle = "Conference on Innovative Data Systems Research (CIDR)", 
month=jan,
year=2005
}

@inproceedings{SAND,
title="Network-Aware Query Processing for Distributed Stream-based
                  Applications", 
author="Y. Ahmad and U. Cetintemel",
booktitle="International Conference on Very Large Data Bases (VLDB)",
year=2004
}


@inproceedings{HiFi,
title="Design Considerations for High Fan-in Systems: The HiFi
                  Approach",
author="M. Franklin and S. Jeffery and S. Krishnamurthy and F. Reiss
                  and S. Rizvi and E. Wu and O. Cooper and
                  A. Edakkunni and W. Hong",
booktitle = "Conference on Innovative Data Systems Research (CIDR)", 
month=jan,
year=2005
}

@inproceedings{IrisNet,
 author = {Amol Deshpande and Suman Nath and Phillip B. Gibbons and Srinivasan Seshan},
 title = {Cache-and-query for wide area sensor databases},
 booktitle = {Proc. ACM SIGMOD International Conference on Management of Data},
 year = {2003},
}

@article{sophia,
 author = {Mike Wawrzoniak and Larry Peterson and Timothy Roscoe},
 title = {Sophia: an Information Plane for networked systems},
 journal = {SIGCOMM Comput. Commun. Rev.},
 volume = {34},
 number = {1},
 year = {2004},
 }

@inproceedings{SBON,
 author = {Peter Pietzuch and Jonathan Ledlie and Jeffrey Shneidman and Mema Roussopoulos and Matt Welsh and Margo Seltzer},
 title = {Network-Aware Operator Placement for Stream-Processing Systems},
 booktitle = {Proc.International Conference on Data Engineering (ICDE)},
 year = {2006}
 }

@article{Astrolabe,
 author = {Robbert Van Renesse and Kenneth P. Birman and Werner Vogels},
 title = {Astrolabe: A robust and scalable technology for distributed system monitoring, management, and data mining},
 journal = {ACM Trans. Comput. Syst.},
 volume = {21},
 number = {2},
 year = {2003},
 pages = {164--206},
 }

@inproceedings{Domino,
author = "Yegneswaran, Vinod and Barford, Paul and Jha, Somesh",
title="Global Intrusion Detection in the {DOMINO} Overlay System", 
booktitle="Proc. Network and Distributed Security Symposium (NDSS)",
year=2004 
}

@inproceedings{Autograph,
booktitle="Proc. {USENIX} Security Symposium",
title="Autograph: Toward Automated, Distributed Worm Signature Detection",
author="Hyang-Ah Kim and Brad Karp",
year = 2004
}

@inproceedings{SDIMS,
 author = {Praveen Yalagandula and Mike Dahlin},
 title = {A scalable distributed information management system},
 booktitle = {Proc. Conf. on Applications, Technologies,
                  Architectures, and Protocols for Computer
                  Communications (SIGCOMM)},
 year = {2004},
 pages = {379--390},
 location = {Portland, Oregon, USA},
 }

@article{TinyDB,
 author = {Samuel R. Madden and Michael J. Franklin and Joseph M. Hellerstein and Wei Hong},
 title = {TinyDB: an acquisitional query processing system for sensor networks},
 journal = {ACM Trans. Database Syst.},
 volume = {30},
 number = {1},
 year = {2005},
 pages = {122--173},
 }

@article{Cougar,
 author = {Yong Yao and Johannes Gehrke},
 title = {The cougar approach to in-network query processing in sensor networks},
 journal = {SIGMOD Rec.},
 volume = {31},
 number = {3},
 year = {2002},
 pages = {9--18},
 }

@inproceedings{Nucleus,
author="Gilman Tolle and David Culler",
title="Design of an Application-Cooperative Management System for
                  Wireless Sensor Networks",
booktitle="Proc. European Workshop on Wireless Sensor Networks",
year="2005"
}

@inproceedings{mackertlohman,
author = "L. F. Mackert and G. M. Lohman",
title = "{R* Optimizer Validation and Performance Evaluation for
		  Distributed Queries}",
booktitle="International Conference on Very Large Data Bases (VLDB)",
pages = "149-159",
year=1986
}

@inproceedings{DeshpandeMariposa,
title="Decoupled Query Optimization in Federated Databases",
author="Amol Deshpande and Joseph M. Hellerstein",
booktitle = {Proc.International Conference on Data Engineering
                  (ICDE)},
year= 2002
}

@inproceedings{ullmantalk,
title="What Happened to Theory Anyway",
author = "Jeffrey D. Ullman",
booktitle="ACM SIGMOD International Conference on Management of Data",
year=2006,
note="http://infolab.stanford.edu/~ullman/pub/sigmod06.ppt"
}

@techreport{dsn-tr,
    Author = {David Chiyuan Chu and Lucian Popa and Arsalan Tavakoli
                  and Joseph M. Hellerstein and Philip Levis and Scott Shenker and Ion Stoica},
    Title = {The Design and Implementation of A Declarative Sensor Network System},
    Institution = {EECS Department, University of California, Berkeley},
    Year = {2006},
    Month = {October 16},
    URL = {http://www.eecs.berkeley.edu/Pubs/TechRpts/2006/EECS-2006-132.html},
    Number = {UCB/EECS-2006-132}
}


@InProceedings{chu-sensys07,
  author = 	 {David Chu and Lucian Popa and Arsalan Tavakoli and Joseph Hellerstein and Philip Levis and Scott Shenker and Ion Stoica},
  title = 	 {{The Design and Implementation of a Declarative Sensor Network System}},
  OPTcrossref =  {},
  OPTkey = 	 {},
  booktitle =	 {SenSys},
  OPTpages = 	 {},
  year =	 {2007},
  OPTeditor = 	 {},
  OPTvolume = 	 {},
  OPTnumber = 	 {},
  OPTseries = 	 {},
  OPTaddress = 	 {},
  OPTmonth = 	 {},
  OPTorganization = {},
  OPTpublisher = {},
  OPTnote = 	 {},
  OPTannote = 	 {}
}

@article{click-tocs,
  author    = {Eddie Kohler and
               Robert Morris and
               Benjie Chen and
               John Jannotti and
               M. Frans Kaashoek},
  title     = {{The Click modular router}},
  journal   = {ACM Trans. Comput. Syst.},
  volume    = {18},
  number    = {3},
  year      = {2000},
}

@inproceedings{trickles,
title="Trickles: A Stateless Network Stack for Improved Scalability,
                  Resilience, and Flexibility", 
author="Alan Shieh and Andrew C. Myers and Emin Gun Sirer",
booktitle="Network Systems Design and Implementation (NSDI)",
year= 2005
}

@inproceedings{garofalakis-vldb06survey,
title="Streaming in a Connected World: Querying and Tracking
                  Distributed Data Streams",
author="Graham Cormode and Minos Garofalakis",
booktitle="International Conference on Very Large Databases (VLDB)",
year=2006
}

@inproceedings{aqp-tutorial,
booktitle="ACM SIGMOD International Conference on Management of Data",
month=Jun,
year="2006",
author="Amol Deshpande and Joseph M. Hellerstein and Vijayshankar Raman",
title="Adaptive Query Processing: Why, How, When, What Next",
}

@inproceedings{eddies,
 author = {Ron Avnur and Joseph M. Hellerstein},
 title = {Eddies: Continuously Adaptive Query Processing},
 booktitle = {Proc. ACM SIGMOD International Conference on Management of Data},
 year = {2000}
 }

@inproceedings{cacq,
 author = {Samuel Madden and Mehul Shah and Joseph M. Hellerstein and Vijayshankar Raman},
 title = {Continuously Adaptive Continuous Queries over Streams},
 booktitle = {Proc. ACM SIGMOD International Conference on Management of Data},
 year = {2002},
 }

@inproceedings{partialresults,
 author = {Vijayshankar Raman and Joseph M. Hellerstein},
 title = {Partial results for online query processing},
 booktitle = {Proc. ACM SIGMOD International Conference on Management of Data},
 year = {2002},
 }

@inproceedings{stems,
author = {Vijayshankar Raman and Amol Deshpande and Joseph M. Hellerstein},
title = {Using State Modules for Adaptive Query Processing},
booktitle = {Proc.International Conference on Data Engineering (ICDE)},
year = {2003},
}

@inproceedings{stairs,
  title = "Lifting the Burden of History from Adaptive Query Processing",
  author = "Amol Deshpande and Joseph M. Hellerstein",
  booktitle = "Proc. International Conference on Very Large Data Bases
                  (VLDB)",
 year = "2004"
}

@article{deshpande-eddymeasurements,
author="Amol Deshpande",
title="An Initial Study of Overheads of Eddies",
journal="SIGMOD Record",
volume=33,
number=1,
year=2004
}

@inproceedings{distributededdies,
author="Feng Tian and David J. DeWitt",
title="Tuple Routing Strategies for Distributed Eddies",
booktitle="International Conference on Very Large Data Bases (VLDB)",
year=2003
}

@book{facilitylocation,
title="Facility Location: A Survey of Applications and Methods",
publisher="Springer",
editor="Zvi Drezner",
year="1995"
}

@inproceedings{hwangbalazinska-icde05,
 author = {Jeong-Hyon Hwang and Magdalena Balazinska and Alexander Rasin and Ugur Cetintemel and Michael Stonebraker and Stan Zdonik},
 title = {High-Availability Algorithms for Distributed Stream Processing},
 booktitle = {Proc. International Conference on Data Engineering (ICDE)},
 year = {2005}
}

@inproceedings{graycube,
 author = {Jim Gray and Adam Bosworth and Andrew Layman and Hamid Pirahesh},
 title = {Data Cube: A Relational Aggregation Operator Generalizing Group-By, Cross-Tab, and Sub-Total},
 booktitle = {Proc. International Conference on Data Engineering (ICDE)},
 year = {1996},
 pages = {152--159}
 }

@inproceedings{tag,
 author = {Samuel Madden and Michael J. Franklin and Joseph M. Hellerstein and Wei Hong},
 title = {TAG: a Tiny AGgregation service for ad-hoc sensor networks},
 booktitle = {Proc. Symposium on Operating Systems Design and
                  Implementation (OSDI)},
 year = {2002}
 }

@inproceedings{datatriage,
author = {Frederick Reiss and Joseph M. Hellerstein},
title = {Data Triage: An Adaptive Architecture for Load Shedding in TelegraphCQ},
booktitle = {Proc. International Conference on Data Engineering (ICDE)},
year = {2005},
}

@inproceedings{oslomonitoring,
title="Using Data Stream Management Systemsfor Traffic Analysis: A Case Study", 
author="Thomas Plagemann and Vera Goebel and Andrea Bergamini and
                  Giacomo Tolu and Guillaume Urvoy-Keller and Ernst
                  W. Biersack",
booktitle = "Passive and Active Network Measurement (PAM)",
year=2004
}

@inproceedings{magicisrelevant,
 author = {I. S. Mumick and S. J. Finkelstein and Hamid Pirahesh and Raghu Ramakrishnan},
 title = {Magic is Relevant},
 booktitle = {Proceedings of the 1990 ACM SIGMOD International Conference on Management of Data},
 year = {1990}
 }

@inproceedings{selinger,
  author =	 "Patricia G. Selinger and M. Astrahan and D. Chamberlin
                  and Raymond Lorie and T. Price",
  title =	 {{Access Path Selection in a Relational Database
                  Management System}},
  booktitle =	 "SIGMOD",
  year =	 1979
}


@techreport{como,
title="The CoMo White Paper",
author = "Gianluca Iannaccone and Christophe Diot and Derek McAuley
                  and Andrew Moore and Ian Pratt and Luigi Rizzo",
institution ="Intel Research, Cambridge",
month=sep,
number="IRC-TR-04-017",
year=2004
}


@misc{domino,
  author = "V. Yegneswaran and P. Barford and S. Jha",
  title = "Global Intrusion Detection in the DOMINO Overlay System",
  text = "V. Yegneswaran, P. Barford, and S. Jha. Global Intrusion Detection in the
    DOMINO Overlay System. In Proceedings of NDSS, San Diego, CA, 2004.",
  year = "2004",
  url = "citeseer.ist.psu.edu/yegneswaran04global.html" }

@InProceedings{abadi-netdb07,
  author =	 {Mart\'{i}n Abadi and Boon Thau Loo},
  title =	 {{Towards a Declarative Language and System for Secure
                  Networking}},
  OPTcrossref =	 {},
  OPTkey =	 {},
  booktitle =	 {International Workshop on Networking Meets Databases
                  (NetDB)},
  OPTpages =	 {},
  year =	 {2007},
  OPTeditor =	 {},
  OPTvolume =	 {},
  OPTnumber =	 {},
  OPTseries =	 {},
  OPTaddress =	 {},
  OPTmonth =	 {},
  OPTorganization ={},
  OPTpublisher = {},
  OPTnote =	 {},
  OPTannote =	 {}
}


@Misc{flexUrl,
  OPTkey = 	 {},
  OPTauthor = 	 {},
  title =	 {{Flex---The Fast Lexical Analyzer}},
  howpublished = {\url{http://www.gnu.org/software/flex/manual/}},
  OPTmonth = 	 {},
  OPTyear = 	 {},
  note =	 {Fetched on 11/15/2007},
  OPTannote = 	 {}
}
@Misc{bisonUrl,
  OPTkey = 	 {},
  OPTauthor = 	 {},
  title =	 {{Bison---GNU parser generator}},
  howpublished = {\url{http://www.gnu.org/software/bison/}},
  OPTmonth = 	 {},
  OPTyear = 	 {},
  note =	 {Fetched on 11/15/2007},
  OPTannote = 	 {}
}

@article{graefe-survey,
  author =	 {Goetz Graefe},
  title =	 {{Iterators, schedulers, and distributed-memory
                  parallelism}},
  journal =	 {Softw. Pract. Exper.},
  volume =	 {26},
  number =	 {4},
  year =	 {1996},
}


@inproceedings{belaramani-sosp07,
  author =	 {N. Belarmani and M. Dahlin and A. Nayate and J. Zheng},
  title =	 {{Making Replication Simple with Ursa}},
  booktitle =	 "SOSP Poster Session",
  year =	 2007
}

@inproceedings{soule-sosp07,
  author =	 {Robert Soule and Robert Grimm and Petros Maniatis},
  title =	 {{Auto-Parallelization for Declarative Network Monitoring}},
  booktitle =	 "SOSP Poster Session",
  year =	 2007
}


@inproceedings{ashley-iros07,
  author =	 {Ashley-Rollman, Michael P. and De Rosa, Michael and
                  Srinivasa, Siddhartha S. and Pillai, Padmanabhan and
                  Goldstein, Seth Copen and Campbell, Jason D.},
  title =	 {{Declarative Programming for Modular Robots}},
  booktitle =	 {Workshop on Self-Reconfigurable Robots/Systems and
                  Applications},
  year =	 {2007},
}

@inproceedings{lam05context,
  author = {Monica S. Lam and John Whaley and V.~Benjamin Livshits and
            Michael C. Martin and Dzintars Avots and Michael Carbin and
            Christopher Unkel},
  title = {{Context-Sensitive Program Analysis as Database Queries}},
  booktitle = {PODS},
  year = {2005},
}


@Misc{ullmanNotes,
  OPTkey = 	 {},
  author =	 {Jeffrey D. Ullman},
  title =	 {{Lecture Notes on the Magic-Sets Algorithm}},
  howpublished = {\url{http://infolab.stanford.edu/~ullman/cs345notes/slides01-16.pdf}},
  OPTmonth = 	 {},
  OPTyear = 	 {},
  note =	 {Fetched on 11/15/2007},
  OPTannote = 	 {}
}

@inproceedings{white-sigmod07,
 author = {Walker White and Alan Demers and Christoph Koch and Johannes Gehrke and Rajmohan Rajagopalan},
 title = {Scaling games to epic proportions},
 booktitle = {Proc. SIGMOD},
 year = {2007}
}

@inproceedings{tcq-cidr,
  author =	 "Sirish Chandrasekaran and Owen Cooper and Amol
                  Deshpande and Michael J. Franklin and Joseph
                  M. Hellerstein and Wei Hong and Sailesh Krishnamurthy
                  and Samuel Madden and Vijayshankar Raman and Frederick
                  Reiss and Mehul A. Shah",
  title =	 {{TelegraphCQ: Continuous Dataflow Processing for an
                  Uncertain World}},
  booktitle =	 {CIDR},
  year =	 2003
}


@inproceedings{li-padl03,
  author =	 "N. Li and J.C. Mitchell",
  title =	 {{Datalog with Constraints: A Foundation for
                  Trust-management Languages}},
  booktitle =	 "International Symposium on Practical Aspects of
                  Declarative Languages",
  year =	 2003
}

@inproceedings{exodus,
  author =	 "G. Graefe, D.J. DeWitt",
  title =	 {{The EXODUS Optimizer Generator}},
  booktitle =	 {SIGMOD},
  year =	 1987
}


@inproceedings{lohman,
  author =	 "Guy Lohman",
  title =	 {{Grammar-like Functional Rules for Representing Query
                  Optimization Alternatives}},
  booktitle =	 {SIGMOD},
  year =	 1988
}


@inproceedings{phh92,
  author =	 "Hamid Pirahesh and Joseph M. Hellerstein and Waqar
                  Hasan",
  title =	 {{Extensible/Rule-Based Query Rewrite Optimization in
                  Starburst}},
  booktitle =	 {SIGMOD},
  year =	 1992
}


@inproceedings{volcano,
  author =	 {Goetz Graefe and William J. McKenna},
  title =	 {{The Volcano Optimizer Generator: Extensibility and
                  Efficient Search}},
  booktitle =	 {ICDE},
  year =	 {1993}
}

 @article{cascades,
   author    = {Goetz Graefe},
   title     = {The Cascades Framework for Query Optimization},
   journal   = {IEEE Data Eng. Bull.},
   volume    = {18},
   number    = {3},
   year      = {1995},
 }

@inproceedings{topdownbottomup,
  author =	 "Raghu Ramakrishnan and S. Sudarshan",
  title =	 {{Top Down vs. Bottom Up Revisited}},
  booktitle =	 "International Logic Programming Symposium",
  year =	 1991
}



@PhdThesis{LuThesis,
  author =	 {Yu-En Lu},
  title =	 {{Distributed Proximity Query Processing}},
  school =	 {University of Cambridge},
  year =	 {2007},
  OPTkey =	 {},
  OPTtype =	 {},
  address =	 {Cambridge, UK},
  OPTmonth =	 {},
  note =	 {Under review},
  OPTannote =	 {}
}
