@misc{heron-revolution,
title = "The Revolution Will Not Be Televised",
author = "Gil Scott-Heron",
booktitle="Small Talk at 125th and Lenox",
publisher = "Flying Dutchman Productions",
year = 1971
}

@misc{ortega-pubelo,
title = "El pueblo unido jam\'as ser\'a vencido",
author = "Sergio Ortega",
year = 1973
}

@book{bacon,
title = "Meditationes Sacrae",
author = "Sir Francis Bacon",
year = 1597
}

@inproceedings{sparetime,
title="How to 0wn the Internet in Your Spare Time",
author="Stuart Staniford and Vern Paxson and Nicholas Weaver",
booktitle = "11th USENIX Security Symposium",
year = 2002
}

@inproceedings{moonwalks,
author = "Y. Xie and V. Sekar and D. A. Maltz and M. K. Reiter and
                  H. Zhang",
title="Worm Origin Identification Using Random Moonwalks",
booktitle = "IEEE Symposium on Security and Privacy
                  (Oakland)",
year=2005
}

@inproceedings{jain04,
title="A Wakeup Call for Internet Monitoring Systems: The Case for
                  Distributed Triggers",
author="Ankur Jain and Joseph M. Hellerstein and Sylvia Ratnasamy and
                  David Wetherall",
booktitle="Third Workshop on Hot Topics in Networking (HotNets-III)", 
year=2004
}

@inproceedings{cormode06,
author = "G. Cormode  and R. Keralapura and J. Ramimirtham",
title="Communication-efficient distributed monitoring of thresholded
                  counts",
booktitle="ACM SIGMOD International Conference on Management of
                  Data",
year=2006
}

@inproceedings{cormode05,
author="G. Cormode and M. Garofalakis",
title="Sketching streams through the net: Distributed approximate
                  query tracking",
booktitle="International Conference on Very Large Data Bases
                  (VLDB)",
year=2005
}

@inproceedings{huang07,
author="Ling Huang and XuanLong Nguyen and Minos Garofalakis and
                  Joseph Hellerstein and Anthony D. Joseph and Michael
                  Jordan and Nina Taft", 
title="Communication-Efficient Online Detection of Network-Wide Anomalies",
booktitle = " IEEE Conference on Computer Communications (INFOCOM)",
year = 2007
} 

@inproceedings{CAN,
  author =	 "Sylvia Ratnasamy and Paul Francis and Mark Handley
                  and Richard Karp and Scott Shenker",
  title =	 {{A Scalable Content Addressable Network}},
  booktitle =	 "ACM SIGCOM",
  year =	 "2001"
}

@inproceedings{Bamboo,
  title =	 {{Handling Churn in a {DHT}}},
  author =	 {Sean Rhea and Dennis Geels and Timothy Roscoe and
                  John Kubiatowicz},
  booktitle =	 {USENIX Annual Technical Conference
                  (USENIX)},
  year =	 {2004},
}

@article{trio,
author="O. Benjelloun and A. Das Sarma and C. Hayworth and J. Widom",
title="An Introduction to {ULDB}s and the {T}rio System",
journal="IEEE Data Engineering Bulletin",
volume=29, 
number=1,
month=mar,
year=2006
}

@article{suciu,
author="Chris Re  and Nilesh Dalvi and Dan Suciu",
title="Query Evaluation on Probabilistic Databases",
journal="IEEE Data Engineering Bulletin",
volume=29, 
number=1,
month=mar,
year=2006
}

@inproceedings{bbq,
title="Model-Driven Data Acquisition in Sensor Networks",
author="Amol Deshpande and Carlos Guestrin and Sam Madden and Joseph
                  M. Hellerstein and Wei Hong",
booktitle = "International Conference on Very Large Data Bases
                  (VLDB)",
year=2004
}

@inproceedings{ken,
title="Approximate Data Collection in Sensor Networks using
                  Probabilistic Models",
author="David Chu and Amol Deshpande and Joseph M. Hellerstein and Wei
                  Hong",
booktitle="IEEE Internation Conference on Data Engineering (ICDE)",
year = 2006
}

@inproceedings{mauvedb,
title="{MauveDB}: Supporting Model-based User Views in Database
                  Systems",
author="Amol Deshpande and Sam Madden",
booktitle="ACM SIGMOD International Conference on Management of
                  Data",
year=2006
}

@inproceedings{sketches,
 author = {Phillip B. Gibbons and Yossi Matias},
 title = {Synopsis data structures for massive data sets},
 booktitle = {ACM-SIAM symposium on discrete algorithms (SODA)},
 year = {1999}
 }

@article{jt,
author = "J. Pearl",
year=1986,
title="Fusion, propagation, and structuring in belief networks",
journal="Artificial Intelligence",
volume=29,
number=3,
pages="241-288"
}

@INPROCEEDINGS{loopy,
AUTHOR = "Kevin Murphy and Yair Weiss and Michael Jordan",
TITLE = "Loopy Belief Propagation for Approximate Inference: An Empirical Study",
BOOKTITLE = "15th Annual Conference on Uncertainty in Artificial Intelligence (UAI)",
YEAR = "1999",
}

@article{malware-report,
author = "Robert Jaques",
title = "Cost of Malware Soars to \$166bn in 2004",
journal = "vnunet.com",
month = feb,
year = 2005,
note = "\url{http://www.vnunet.com/2126635}"
}

@inproceedings{pier-cidr,
author="Ryan Huebsch and Brent Chun and Joseph M. Hellerstein and Boon
                  Thau Loo and Petros Maniatis and Timothy Roscoe and
                  Scott Shenker and Ion Stoica and Aydan
                  R. Yumerefendi",
title={{The Architecture of {PIER}: an Internet-Scale Query Processor}},
booktitle = "Conference on Innovative Data Systems Research (CIDR)",
year="2005"
}

@inproceedings{ddi,
title="When Gossip is Good: Distributed Probabilistic Inference for Detection
of Slow Network Intrusions",
author="Denver Dash and Branislav Kveton and John Mark Agosta and Eve
                  Schooler and Jaideep Chandrashekar and Abraham
                  Bachrach and Alex Newman",
booktitle="Conference on Artificial Intelligence (AAAI)", 
year=2006
}

@article{debull06,
author="Minos Garofalakis and {Dan Suciu, eds.}",
title = "Special Issue on Probabilistic Data Management",
journal="Bulletin of the Technical Committee on Data Engineering",
volume=29,
number=1,
year = 2006
}

@inproceedings{proofsketch,
author = "Minos Garofalakis and Joseph M. Hellerstein and Petros
                  Maniatis",
title={{Proof Sketches: Verifiable In-Network Aggregation}},
booktitle="IEEE Internation Conference on Data Engineering (ICDE)",
year = 2007
}

@article{flajolet,
        Author = "P. Flajolet and G. N. Martin",
        Title = "{Probabilistic Counting Algorithms for Data Base
		  Applications}",
        Journal = "Journal of Computer and System Sciences",
        Volume = 31,
        Year = 1985
}

@inproceedings{loo-sigcomm05,
title={{Declarative Routing: Extensible Routing with Declarative Queries}},
author="Boon Thau Loo and Joseph M. Hellerstein and Ion Stoica and
                  Raghu Ramakrishnan", 
booktitle="ACM SIGCOMM", 
month=Aug,
year="2005"
}

@inproceedings{loo-sosp05,
title={{Implementing Declarative Overlays}},
author="Boon Thau Loo and Tyson Condie and Joseph M. Hellerstein and
                  Petros Maniatis and Timothy Roscoe and Ion Stoica",
booktitle="ACM Symposium on Operating Systems Principles (SOSP)",
month=oct,
year=2005
}

@inproceedings{loo-sigmod06,
title="Declarative Networking with Distributed Recursive Query Processing", 
author="Boon Thau Loo and Tyson Condie and Minos Garofalakis and David
                  E. Gay and Joseph M. Hellerstein and Petros Maniatis
                  and Raghu Ramakrishnan and Timothy Roscoe and Ion Stoica",
booktitle="ACM SIGMOD International Conference on Management of Data",
month=Jun,
year="2006"
}

@article{click-tocs,
  author    = {Eddie Kohler and
               Robert Morris and
               Benjie Chen and
               John Jannotti and
               M. Frans Kaashoek},
  title     = {The {C}lick modular router.},
  journal   = {ACM Trans. Comput. Syst.},
  volume    = {18},
  number    = {3},
  year      = {2000},
  pages     = {263-297},
}

@unpublished{lowell,
title={{The Lowell Database Research Self Assessment}},
author = "Serge Abiteboul and Rakesh Agrawal and Phil Bernstein and
                  Mike Carey and Stefano Ceri and Bruce Croft and
                  David DeWitt and Mike Franklin and Hector Garcia
                  Molina and Dieter Gawlick and Jim Gray and Laura
                  Haas and Alon Halevy and Joseph M. Hellerstein and
                  Yannis  Ioannidis and Martin Kersten and Michael
                  Pazzani and Mike Lesk and David Maier and Jeff
                  Naughton and Hans Schek and Timos Sellis and Avi
                  Silberschatz and Mike Stonebraker and Rick Snodgrass
                  and Jeff Ullman and Gerhard Weikum and Jennifer
                  Widom and and Stan Zdonik",
year=2003,
address = "Lowell, MA",
note="\url{http://research.microsoft.com/~gray/lowell/}"
}

@inproceedings{dragnet,
title="Toward a Framework For Internet Forensic Analysis", 
author="Vyas Sekar and Yinglian Xie and David Maltz and Michael Reiter
                  and Hui Zhang", 
booktitle = "Third Workshop on Hot Topics in Networking (HotNets-III)",
year=2004
}

@inproceedings{autograph, 
booktitle="{USENIX} Security Symposium",
title="Autograph: Toward Automated, Distributed Worm Signature Detection",
author="Hyang-Ah Kim and Brad Karp",
year = 2004
}


@inproceedings{domino,
  author = "V. Yegneswaran and P. Barford and S. Jha",
  title = "Global Intrusion Detection in the DOMINO Overlay System",
  booktitle ="NDSS, Network and Distributed System Security",
  year = "2004",
}


@techreport{como,
title={{The CoMo White Paper}}, 
author="Gianluca Iannaccone and Christophe Diot and Derek McAuley  and
                  Andrew Moore and Ian Pratt and Luigi Rizzo",
number="IRCâ€“TR-04-017",
month=Sep,
institution="Intel Research, Cambridge",
year= 2004 
}


@inproceedings{feamster,
title="Understanding the Network-Level Behavior of Spammers",
author="A. Ramachandran and N. Feamster",
booktitle="ACM SIGCOMM",
month=Sep,
year=2006
}

@inproceedings{reiss,
author ="F. Reiss and M. Garofalakis and J. M. Hellerstein",
title="Compact Histograms for Hierarchical Identifiers",
booktitle = "International Conference on Very Large Data Bases
                  (VLDB)",
year=2006
}

@article{Stoica2003,
 author = {Ion Stoica and Robert Morris and David Liben-Nowell and David R. Karger and M. Frans Kaashoek and Frank Dabek and Hari Balakrishnan},
 title = {Chord: a scalable peer-to-peer lookup protocol for internet applications},
 journal = {IEEE/ACM Trans. Netw.},
 volume = {11},
 number = {1},
 year = {2003},
 issn = {1063-6692},
 pages = {17--32},
 doi = {http://dx.doi.org/10.1109/TNET.2002.808407},
 publisher = {IEEE Press},
 }

@InProceedings{Peterson2002,
  author = 	 {L. Peterson and T. Anderson and D. Culler and T. Roscoe},
  title = 	 {{A Blueprint for Introducing Disruptive Technology into the Internet}},
  OPTcrossref =  {},
  OPTkey = 	 {},
  booktitle =	 {First Workshop on Hot Topics in Networking (HotNets-I)},
  OPTpages = 	 {},
  year =	 {2002},
  OPTeditor = 	 {},
  OPTvolume = 	 {},
  OPTnumber = 	 {},
  OPTseries = 	 {},
  OPTaddress = 	 {},
  OPTmonth = 	 oct,
  OPTorganization = {},
  OPTpublisher = {},
  OPTnote = 	 {},
  OPTannote = 	 {}
}

