@string{ nsdi = "Proceedings of USENIX Networked Systems Design and Implementation (NSDI)" }

@string{ atc = "Proceedings of USENIX Annual Technical Conference" }

@string{ sosp = "Proceedings of ACM Symposium on Operating System Principles (SOSP)" }

@string{ hotos = "Proceedings of USENIX Hot Topics in Operating System (HotOS)" }

@string{ hotnets = "Proceedings of SIGCOMM Hot Topics in Networking (HotNets)" }

@string{ ietf = "{IETF}" }

@string{ osdi = "Proceedings of USENIX Operating System Design and Implementation (OSDI)" }

@string{ sigcomm = "Proceedings of ACM Special Interest Group On Data Communications (SIGCOMM)" }

@string{ iptps = "Proceedings of International Workshop on Peer to Peer Systems (IPTPS)" }

@string{ sruti = "Proceedings of Workshop on Steps to Reducing Unwanted Traffic on the Internet (SRUTI)" }

@inproceedings{ Castro1999,
	author = "Miguel Castro and Barbara Liskov",
	title = "{Practical Byzantine Fault Tolerance}",
	booktitle = "OSDI",
	address = "{New Orleans, USA}",
	year = "1999",
	month = feb
}

@inproceedings{Necula1996,
	author = "George C. Necula and Peter Lee",
	title = "{Safe Kernel Extensions Without Run-Time Checking}",
	booktitle = "OSDI",
	year = "1996",
}

@article{ Yu2002,
	author = "Haifeng Yu and Amin Vahdat",
	title = "{Design and Evaluation of a Conit-Based Continuous Consistentcy Model for Replicated Services}",
	journal = "ACM Transactions on Computer Systems",
	volume = "20",
	number = "3",
	year = "2002",
	pages = "239--282",
	publisher = "ACM Press",
	address = "New York, NY, USA"
}

@inproceedings{ Petersen1997,
	author = "Karin Petersen and Mike Spreitzer and Douglas Terry and Marvin Theimer and Alan Demers",
	title = "{Flexible Update Propagation for Weakly Consistent Replication}",
	booktitle = "SOSP",
	address = "{Saint Malo, France}",
	year = "1997",
	month = oct
}

@inBook{ Hardware-compiler-branch,
	author = "{John L. Hennessy and David A. Patterson}",
	title = "{Computer Architecture: A Quantitative Approach}",
	publisher = "Morgan Kaufmann Publishers",
	chapter = "4",
	edition = "3rd Edition",
	year = 2006
}

@article{ paxos-tocs,
	author = "Leslie Lamport",
	title = "{The Part-Time Parliament}",
	journal = "ACM Transactions on Computer Systems",
	volume = "16",
	number = "2",
	year = "1998",
	pages = "133--169",
	publisher = "ACM Press",
	address = "New York, NY, USA"
}

@InProceedings{ practi-nsdi,
	author = "Nalini Belaramani and Mike Dahlin and L. Gao and A. Nayate and Arun Venkataramani and P. Yalagandula and J. Zheng",
	title = "{{PRACTI} Replication}",
	booktitle = nsdi,
	year = 2006,
	address = "{San Jose, USA}",
	month = may
}

@article{ byzantine-general,
	author = "Leslie Lamport and Robert Shostak and Marshall Pease",
	title = "{The Byzantine Generals Problem}",
	journal = "ACM Transactions on Programming Languages and Systems",
	volume = "4",
	number = "3",
	year = "1982",
	pages = "382--401",
	publisher = "ACM Press",
	address = "New York, NY, USA"
}

@Article{ fail-stop,
	author = "Richard D. Schlichting and Fred B. Schneider",
	title = "{Fail-stop processors: an approach to designing fault-tolerant computing systems}",
	journal = "ACM Transactions on Computer Systems",
	volume = "1",
	number = "3",
	year = "1983",
	pages = "222--238",
	publisher = "ACM Press",
	address = "New York, NY, USA"
}

@inProceedings{ Douceur2006,
	author = "John R. Douceur and Jon Howell",
	title = "{Byzantine Fault Isolation in the Farsite Distributed File System}",
	booktitle = iptps,
	year = 2006,
	address = "{Santa Barbara, USA}",
	month = feb
}

@InProceedings{ fault-scalable-sosp-05,
	author = "Michael Abd-El-Malek and Gregory R. Ganger and Garth R. Goodson and Michael Reiter and Jay J. Wylie",
	title = "{Fault-scalable Byzantine fault-tolerant services}",
	booktitle = "SOSP",
	year = "2005",
	address = "{Brighton, UK}",
	month = oct
}

@InProceedings{ hq-replication-osdi-06,
	author = "James Cowling and Daniel Myers and Barbara Liskov and Rodrigo Rodrigues and Liuba Shrira",
	title = "{HQ Replication: A Hybird Quorum Protocol for Byzantine Fault Tolerance}",
	booktitle = "OSDI",
	year = "2006",
	address = "{Seattle, USA}",
	month = nov
}

@InProceedings{ karma-p2pecon-03,
	author = "V. Vishnumurthy and S. Chandrakumar and Emin Gun Sirer",
	title = "{Karma: A secure economic framework for p2p resource sharing}",
	booktitle = "Workshop on Economics of Peer-to-Peer Systems",
	year = "2003",
	address = "{Berkeley, USA}",
	mon = jun
}

@InProceedings{ secure-routing-osdi-02,
	author = "Miguel Castro and Peter Druschel and A. Ganesh and A. Rowstron and Dan Wallach",
	title = "Secure routing for structured peer-to-peer overlay networks",
	booktitle = osdi,
	year = "2002",
	address = "{Boston, USA}",
	month = dec
}

@InProceedings{ oceanstore-asplos-2000,
	author = "{John Kubiatowicz and David Bindel and Yan Chen and Patrick Eaton and Dennis Geels and Ramakrishna Gummadi and Sean Rhea and Hakim Weatherspoon and Westly Weimer and Christopher Wells and Ben Zhao}",
	title = "{OceanStore: An Architecture for Global-scale Persistent Storage}",
	booktitle = "ASPLOS",
	year = "2000",
	month = "November",
	address = "{San Jose, USA}"
}

@inProceedings{ sruti-2005,
	author = "Jayanthkumar Kannan and Lakshminarayan Subramanian and Ion Stoica and Randy H. Katz",
	title = "{Analyzing Cooperative Containment of Fast Scanning Worms}",
	booktitle = sruti,
	year = "2005",
	address = "{Cambridge, USA}",
	month = jul
}

@article{ optimistic-repl-survey,
	author = "Yasushi Saito and Marc Shapiro",
	title = "Optimistic replication",
	journal = "ACM Computing Surveys",
	volume = "37",
	number = "1",
	year = "2005",
	pages = "42--81",
	publisher = "ACM Press",
	address = "New York, NY, USA"
}

@inProceedings{ Walfish2006,
	author = "{Michael Walfish and J.D. Zamfirescu and Hari Balakrishnan and David Karger and Scott Shenker}",
	title = "{Distributed Quota Enforcement for Spam Control}",
	booktitle = nsdi,
	year = 2006,
	month = may,
	address = "{San Jose, USA}"
}

@InProceedings{ ppay-ccs-03,
	author = "{Beverly Yang and Hector Garcia-Molina}",
	title = "{PPay: Micropayments for Peer-to-Peer Systems}",
	booktitle = "CCS",
	address = "{Washington, USA}",
	year = "2003",
	month = dec
}

@inproceedings{ Rodrigues2001,
	author = "Rodrigo Rodrigues and Miguel Castro and Barbara Liskov",
	title = "{BASE}: Using Abstraction to Improve Fault Tolerance",
	booktitle = "Proceedings of the 18th {ACM} Symposium on Operating System Principles",
	pages = "15--28",
	year = "2001",
	volume = "35",
	number = "5",
	address = "Banff, Canada",
	month = oct
}

@InProceedings{ Huang2006,
	author = "Ling Huang and Minos Garofalakis and Joseph M. Hellerstein and Anthony D. Joseph and Nina Taft",
	title = "{Toward Sophisticated Detection with Distributed Triggers}",
	OPTcrossref = "",
	OPTkey = "",
	booktitle = "SIGCOMM MineNet",
	OPTpages = "",
	year = "2006",
	OPTeditor = "",
	OPTvolume = "",
	OPTnumber = "",
	OPTseries = "",
	address = "Pisa, Italy",
	month = sep,
	OPTorganization = "",
	OPTpublisher = "",
	OPTnote = "",
	OPTannote = ""
}

@InProceedings{ byzantine-quorum-malkhi,
	author = "Dahlia Malkhi and Michael Reiter",
	title = "Byzantine quorum systems",
	booktitle = "STOC",
	year = "1997",
	location = "El Paso, Texas, United States",
	month = may
}

@InProceedings{ Speculator-sosp-05,
	author = "Edmund B. Nightingale and Peter M. Chen and Jason Flinn",
	title = "Speculative execution in a distributed file system",
	booktitle = "SOSP",
	year = "2005",
	address = "Brighton, United Kingdom",
	month = oct
}

@Misc{ hq++:website,
	author = "Atul Singh and Petros Maniatis and Peter Druschel and Timothy Roscoe",
	title = "Safe Hints in Byzantine-fault Tolerant Distributed Services",
	howpublished = "\url{http://www.cs.rice.edu/~atuls/hq++.pdf}",
	month = jan,
	year = 2007
}

@InProceedings{ Yin2003,
	author = "Jian Yin and Jean-Philippe Martin and Arun Venkataramani and Lorenzo Alvisi and Mike Dahlin",
	title = "Separating agreement from execution for byzantine fault tolerant services",
	booktitle = sosp,
	year = "2003",
	pages = "253--267",
	month = oct,
	location = "Bolton Landing, NY, USA"
}

@Article{ Satyanarayanan2002,
	author = "Mahadev Satyanarayanan",
	title = "{The evolution of Coda}",
	journal = "ACM Transactions on Computer Systems",
	volume = "20",
	number = "2",
	year = "2002",
	pages = "85--124"
}

@InProceedings{ Terry1995,
	author = "Douglas Terry and Marvin Theimer and Karin Petersen and Alan Demers and Mike Spreitzer and Carl H. Hauser",
	title = "{Managing Update Conflicts in Bayou, a Weakly Connected Replicated Storage System}",
	booktitle = "SOSP",
	year = "1995"
}

@article{Castro2002,
  author =	 {Miguel Castro and Barbara Liskov},
  title =	 {Practical byzantine fault tolerance and proactive
                  recovery},
  journal =	 {ACM Transactions on Computer Systems},
  volume =	 {20},
  number =	 {4},
  year =	 {2002},
}



@InProceedings{Condie2005,
	author = "Tyson Condie and Joseph M. Hellerstein and Petros Maniatis and Sean Rhea and Timothy Roscoe",
	title = "Finally, a Use for Componentized Transport Protocols",
	booktitle = "HotNets",
	year = "2005",
}

@Misc{p2site,
	title = {{The P2 Project}},
	howpublished = "\url{http://p2.berkeley.intel-research.net/}",
}

@article{Kohler2000,
  author    = {Eddie Kohler and
               Robert Morris and
               Benjie Chen and
               John Jannotti and
               M. Frans Kaashoek},
  title     = {{The Click modular router}},
  journal   = {ACM TOCS},
  volume    = {18},
  number    = {3},
  year      = {2000},
}


@inproceedings{Selinger1979,
  author =	 {P. Griffiths Selinger and M. M. Astrahan and
                  D. D. Chamberlin and R. A. Lorie and T. G. Price},
  title =	 {Access path selection in a relational database
                  management system},
  booktitle =	 "SIGMOD",
  year =	 {1979},
}


@InProceedings{Abadi2007,
  author = 	 {Mart\`{i}n Abadi and Boon Thau Loo},
  title = 	 {{Towards a Declarative Language and System for Secure Networking}},
  booktitle =	 {NetDB},
  OPTpages = 	 {},
  OPTyear = 	 {2007},
  OPTeditor = 	 {},
  OPTvolume = 	 {},
  OPTnumber = 	 {},
  OPTseries = 	 {},
  OPTaddress = 	 {},
  OPTmonth = 	 {},
  OPTorganization = {},
  OPTpublisher = {},
  OPTnote = 	 {},
  OPTannote = 	 {}
}

@InProceedings{Zdancewic2001,
  author = 	 {Steve Zdancewic and Lantian Zheng and Nathaniel Nystrom and Andrew C. Myers},
  title = 	 {{Untrusted hosts and confidentiality:
Secure program partitioning}},
  OPTcrossref =  {},
  OPTkey = 	 {},
  booktitle =	 {SOSP},
  OPTpages = 	 {},
  year =	 {2001},
  OPTeditor = 	 {},
  OPTvolume = 	 {},
  OPTnumber = 	 {},
  OPTseries = 	 {},
  OPTaddress = 	 {},
  OPTmonth = 	 {},
  OPTorganization = {},
  OPTpublisher = {},
  OPTnote = 	 {},
  OPTannote = 	 {}
}

@Article{Myers2000,
  author = 	 {Andrew C. Myers and Barbara Liskov},
  title = 	 {Protecting privacy using the decentralized label model},
  journal = 	 {ACM Trans. on Software Engineering and Methodology},
  year = 	 {2000},
  OPTkey = 	 {},
  volume =	 {9},
  number =	 {4},
  OPTpages = 	 {},
  OPTmonth = 	 {},
  OPTnote = 	 {},
  OPTannote = 	 {}
}

@inproceedings{declareOverlays,
  author =	 "Boon Thau Loo and Tyson Condie and Joseph
                  M. Hellerstein and Petros Maniatis and Timothy Roscoe
                  and Ion Stoica",
  title =	 "{Implementing Declarative Overlays}",
  booktitle =	 "SOSP",
  year =	 2005
}

