@string{vldb       = "Proceedings of VLDB Conference"}
@string{vldbDemo   = "Proceedings of VLDB Conference Demonstrations"}
@string{cidr       = "Proceedings of Conference on Innovative Data Systems Research"}
@string{sigmod     = "Proceedings of ACM SIGMOD International Conference on Management of Data"}
@string{sigcomm     = "Proceedings of ACM SIGCOMM Conference on Data Communication"}
@string{icde       = "Proceedings of IEEE Conference on Data Engineering"}
@string{icdm       = "Proceedings of IEEE Conference on Data Mining"}
@string{soda       = "Proceedings of ACM-SIAM Symposium on Discrete Algorithms"}
@string{osdi       = "Proceedings of Usenix Symposium on Operating Systems Design and Implementation"}
@string{edbt       = "Proceedings of Conference on Extensible Database Technology"}
@string{sigmodrec  = "SIGMOD Record"}
@string{ieeepcomm  = "IEEE Personal Communications"}
@string{acmcs      = "ACM Computing Surveys"}
@string{pods       = "ACM Symposium on Principles of Database Systems"}
@string{ipl        = "Information Processing Letters"}
@string{tods       = "ACM Transactions on Database Systems"}
@string{ieeetkde   = "IEEE Transactions on Knowledge and Data Engineering"}
@string{cacm       = "Communications of the ACM"}
@string{debull     = "IEEE Data Engineering Bulletin"}
@string{tocs       = "ACM Transactions on Computer Systems"}
@string{lisa       = "USENIX LISA Conference"}
@string{usenixatc  = "USENIX Annual Technical Conference"}
@string{vldbj      = "VLDB Journal"}
@string{icac       = "ICAC"}
@string{icppw      = "ICPPW"}
@string{hotnets    = "ACM SIGCOMM Hot Topics in Networks"}
@string{dsom       = "Distributed Systems: Operations and Management Workshop"}
@string{iptps      = "International Workshop on Peer-to-Peer Systems"},
@string{nsdi      = "USENIX Symposium on Networked Systems Design and Implementation"},
@string{sosp      = "ACM Symposium on Operating Systems Principles"},
@string{security     = "USENIX Security Symposium"},
@string{ndss        = "Network and Distributed System Security"}, 
@string{usenix       = "USENIX Technical Conference"}

%%%%%%%%%%%%% Web Sites %%%%%%%%%%%%%%%%%%%%%

@article{sdsi,
    author = "{SDSI (Simple Distributed Security Infrastructure)}",
    note = "\link{http://groups.csail.mit.edu/cis/sdsi.html}",
}

@article{declarativity, 
     author = "{Declarative Languages and Systems}",
     note  = "\link{https://trac.declarativity.net/}",
}



@article{gnutella, 
     author = "{Gnutella}",
     note  = "\link{http://www.gnutella.com}",
}

@article{orbit,
     note = "\link{http://www.winlab.rutgers.edu/docs/focus/ORBIT.html}",
     author = "ORBIT - Wireless Network Testbed",
}

@article{bbn, 
     author = "{BBN Technologies}",
     note  = "\link{http://www.bbn.com}"
}

@article{cis700-5,
    author = "{Networking Meets Databases}", 
    note = "\link{http://www.cis.upenn.edu/~boonloo/cis700-sp07/}",
    year = 2007
}

@article{cis553,
    author = "{Networked Systems}",
    note = "\link{http://www.cis.upenn.edu/~boonloo/cis553-fa07/}",
    year = 2007
}


@article{wand,
    note = "\link{http://www.bbn.com/news_and_events/press_releases/2007_press_releases/pr_wand_10907}",
    year = 2007,
    author = "{Wireless Adaptive Network Development (WAND) program}"
}


@article{skype, 
     author = "{Skype}",
     title = "{Skype P2P Telephony}",
     note  = "{http://www.skype.com}",
     year = 2006
}

@article{geniweb, author = "{GENI}", title = "{Global Environment for
     Network Innovations}", note = "{http://www.geni.net/}", year = 2006
     }

@article{findweb,
     author = "{FIND}",
     title = "{NSF NETS Future INternet Design Program}",
     note = "{http://find.isi.edu/}",
     year = 2006
}

@article{Planetlab,
    author = "{PlanetLab}",
    title = "{Global testbed}",
    note = "\link{http://www.planet-lab.org/}",
    year = 2006
}


@article{emulab, 
     author = "{Emulab}",
     title = "{Network Emulation Testbed}",
     note  = "\link{http://www.emulab.net}",
     year = 2006
}

@article{SingaporeWiFi, 
     author = "{Singapore: Wireless Nation}",
     title = "{Singapore: Wireless Nation}",
     note = "{http://www.wi-fiplanet.com/columns/article.php/3626716}"
}


@article{gtitm,
     author="{GT-ITM}",
     title = {Modelling Topology of Large Networks},
     note = "{http://www.cc.gatech.edu/projects/gtitm/}"
}

@article{mitChord,
     author = "{MIT}",
     title = "{The Chord/DHash Project}",
     note = "{http://pdos.csail.mit.edu/chord/}"
}




%%%%%%%%%%%%% Datalog Papers %%%%%%%%%%%%%%%%%%%

@article{ cacace93survey,
    author = "Filippo Cacace and Stefano Ceri and Maurice A. W. Houtsma",
    title = "A Survey of Parallel Execution Strategies for Transitive Closure and Logic Programs",
    journal = "Distributed and Parallel Databases",
    volume = "1",
    number = "4",
    pages = "337-382",
    year = "1993",
    url = "citeseer.nj.nec.com/100079.html" }



@inproceedings{magic,
    author = {C. Beeri and R. Ramakrishnan},
    title = "{On the Power of Magic}",
    booktitle = pods,
    year = "1987",
    url = "citeseer.nj.nec.com/beeri87power.html" }


@inproceedings{topbottom,
    author = "{Raghu Ramakrishnan and S. Sudarshan}",
    title = "{Bottom-Up vs Top-Down Revisited}",
    booktitle = "{Proceedings of the International Logic Programming Symposium}",
    year = "1999"
}

@article{ramakrishnan93survey,
    author = {Raghu Ramakrishnan and Jeffrey D. Ullman},
    title = "{A Survey of Research on Deductive Database Systems}",
    journal = "Journal of Logic Programming",
    volume = "23",
    number = "2",
    pages = "125--149",
    year = "1993",
}

@article{seminaive,
    author="I. Balbin and K. Ramamohanarao",
    title= {"A Generalization of the Differential Approach to Recursive Query Evaluation"}, 
    journal = "Journal of Logic Programming",
    volume = "4",
    number = "3",
    year = "1987"
}

@inproceedings{viewincremental,
  author    = {Ashish Gupta and Inderpal Singh Mumick and V. S. Subrahmanian},
  title     = "{Maintaining Views Incrementally}",
  booktitle = sigmod,
  year      = {1993},
}

@inproceedings{coral,
  author = "R. Ramakrishnan and D. Srivastava and S. Sudarshan and P. Seshadri",
  title = "{The CORAL Deductive System}",
  booktitle = "The VLDB Journal, 3:161--210",
  year = "1994",
  url = "citeseer.lcs.mit.edu/ramakrishnan94coral.html" 
}


@inproceedings{sudarshan91aggregation,
    author = "S. Sudarshan and R. Ramakrishnan",
    title = "{Aggregation and Relevance in Deductive Databases}",
    booktitle = vldb,
    year = "1991",
    url = "citeseer.nj.nec.com/sudarshan91aggregation.html" 
}

@inproceedings{smartone,
    author = "P. Valduriez AND H. Boral", 
    title = "{Evaluation of Recursive Queries Using Join Indices}", 
    booktitle = "Proceedings of the 1st International Conference on Expert Database Systems",
    year = "1986"
}

@article{smarttwo,
    author = "Y.E. Ioannidis",
    title = "On the Computation of the Transitive Closure of Relational Operators",
    booktitle = vldb,
    year = "1987"
}

%%%%%%%%%%%% Database papers %%%%%%%%%%%%%%%%%

@inproceedings{eddies,
    author = "Ron Avnur and Joseph M. Hellerstein",
    title = "Eddies: Continuously Adaptive Query Processing",
    booktitle = sigmod,
    year = "2000",
    url = "citeseer.nj.nec.com/article/avnur00eddies.html" 
}

@inproceedings{control,
    author = "J. M. Hellerstein and P. J. Haas and H. J. Wang",
    title = "{Online Aggregation}",
    booktitle = sigmod,
    pages = "171--182",
    year = "1997",
    url = "citeseer.nj.nec.com/hellerstein97online.html" 
}

@inproceedings{gamma,
  author    = {David J. DeWitt and
               Robert H. Gerber and
               Goetz Graefe and
               Michael L. Heytens and
               Krishna B. Kumar and
               M. Muralikrishna},
  title     = {GAMMA - A High Performance Dataflow Database Machine.},
  booktitle = vldb,
  year      = {1986},
  pages     = {228-237}
}

@inproceedings{alpha,
    author = {Rakesh Agrawal}, 
    title = "{Alpha: An Extension of Relational Algebra to Express a Class of Recursive Queries}",
    booktitle = "IEEE Transactions on Software Engineering",
    volume = 14,
    year = 1988
}


%%%%%%%%%%%% Networking papers %%%%%%%%%%%%%%%%%

@unpublished{geni-report05,
  author = {T. Anderson and L. Peterson and S. Shenker and J. Turner},
  title={Overcoming Barriers to Disruptive Innovation in Networking},
  key="GENI", 
  note="Report of NSF Workshop", 
  year=2005
}


@inProceedings{bamboo,
  author =       {Sean Rhea and Dennis Geels and Timothy Roscoe and John Kubiatowicz},
  title =        {Handling {C}hurn in a {DHT}},
  booktitle =    "USENIX Technical Conference",
  year =         2004
}

@inproceedings{virtualNetworks,
    author = {Larry Peterson and Scott Shenker and Jon Turner}, 
    title = "{Overcoming the Internet Impasse Through Virtualization}", 
    booktitle = "HotNets-III", 
    year = 2004
}



@article{dhtsurvey,
  author = {Hari Balakrishnan and M. Frans Kaashoek and David Karger and Robert Morris and Ion Stoica},
  title = "{Looking Up Data in P2P Systems}",
  journal = "{Communications of the ACM, Vol. 46, No. 2}",
  year=2003,
  url = "citeseer.nj.nec.com/566970.html" }



@InProceedings{macedon,
  author = 	 {A. Rodriguez et. al.}, 
  title = 	 {{MACEDON}: {M}ethodology for {A}utomatically {C}reating, {E}valuating, and {D}esigning {O}verlay {N}etworks",},
  booktitle =	 "NSDI",
  year =	 2004
}

@InProceedings{symphony,
  author = 	 {Gurmeet Manku and Mayank Bawa and Prabhakar Raghavan},
  title = 	 {Symphony: Distributed hashing in a small world},
  booktitle =	 {Proc. USITS},
  year =	 2003
}

@ARTICLE{dvmrp,
   author = {S. Deering and D. R. Cheriton},
   title = {Multicast Routing in Datagram Internetworks and Extended {LAN}s},
   journal = {ACM Transactions on Computer Systems},
   volume = "8",
   number = "2",
   year = 1990,
   pages = {85-111},
}

@inproceedings{narada,
    author = "Yang-Hua Chu and Sanjay G. Rao and Hui Zhang",
    title = "{A Case for End System Multicast}",
    booktitle = "Proc. of ACM SIGMETRICS",
    pages = "1-12",
    year = "2000",
    url = "citeseer.ist.psu.edu/chu01case.html" }


%%%%%%%%%%%%% Distributed DB papers %%%%%%%%%%%%%%

@inproceedings{pierVLDB,
  author =       "Ryan Huebsch and Joseph M. Hellerstein and Nick Lanham and Boon Thau Loo
                  and Scott Shenker and Ion Stoica",
  title =        "{Querying the Internet with PIER}", 
  booktitle =    "VLDB",
  year = 	 "2003"
}



@article{mariposa,
  author    = {Michael Stonebraker and
               Paul M. Aoki and
               Witold Litwin and
               Avi Pfeffer and
               Adam Sah and
               Jeff Sidell and
               Carl Staelin and
               Andrew Yu},
  title     = {Mariposa: A Wide-Area Distributed Database System},
  journal   = vldbj,
  volume    = {5},
  number    = {1},
  year      = {1996},
  pages     = {48-63},
}


@TechReport{dhtwebcrawl,
    author = {Boon Thau Loo and Sailesh Krishnamurthy and Owen Cooper},
    title = "{Distributed Web Crawling over DHTs}",
    institution =  {UC Berkeley},
    year = {2004},
    number = {UCB-CS-04-1305},
}


@inproceedings{independence,
  author = "Joseph M. Hellerstein",
  title = "Toward Network Data Independence",
  year = "2003",
  booktitle = "SIGMOD Record 32(3)"
}

%%%%%%%%%%%%Unsorted papers %%%%%%%%%%%%%%%%%

@article{horn,
     title = "{Horn Clause -- from MathWorld}",
     note = "{http://mathworld.wolfram.com/HornClause.html}"
}




@inproceedings{i3,
     title = "{Internet Indirection Infrastructure}",
     author = {Ion Stoica and Daniel Adkins and Shelley Zhuang and Scott Shenker and Sonesh Surana},
     year = 2002,
     booktitle = "ACM SIGCOMM"
}


@TechReport{i3Rose,
    author = {K. Lakshminarayanan and I. Stoica and S. Shenker},
    title = "{Routing as a Service}",
    institution =  {UC Berkeley},
    year = {2004},
    number = {UCB-CS-04-1327}
}

@misc{Deloche69,
author = {Gerard Deloche},
title = {Functional Specifications of the ARPANET},
year = 1969
}

@misc{bingo,
  author = {Sergej Sizov and Michael Biwer and Jens Graupmann and Stefan Siersdorfer
    and Martin Theobald and Gerhard Weikum and Patrick Zimmer},
  title = "The BINGO! System for Information Portal Generation And Expert Web Search",
  url = "citeseer.nj.nec.com/sizov03bingo.html" 
}



@inproceedings{switchware2,
   author = {D. Scott Alexander and Michael W. Hicks and Pankaj Kakkar and Angelos D. Keromytis and Marianne Shaw and Jonathan T. Moore and Carl A. Gunter and Trevor Jim and Scott M. Nettles and Jonathan M. Smith},
   title = "{The SwitchWare Active Network Implementation}",
   booktitle = "{ACM SIGPLAN Workshop on ML held in conjunction with the International Conference on Functional Programming}",
   year = 1998
}

@inproceedings{boosters,
  author = {W. Marcus and I. Hadzic and T. McAuley and J. Smith}, 
  title = "{Protocol Boosters: Applying Programmability to Network Infrastructures}", 
  booktitle = "{IEEE Communications Vol. 36(10)}",
  year = 1998
} 

@incollection{dsr,
    author = "David B Johnson and David A Maltz",
    title = "{Dynamic Source Routing in Ad Hoc Wireless Networks}",
    booktitle = "{Mobile Computing}",
    volume = "353",
    year = "1996",
    url = "citeseer.ist.psu.edu/johnson96dynamic.html" 
}

@inproceedings{fdnaRouters,
    author = {Nick Feamster and Hari Balakrishnan and Jennifer Rexford and Aman Shaikh and Jacobus van der Merwe}, 
    title = "{The Case for Separating Routing From Routers}",
    booktitle = {FDNA},
    year = "2004"
}

@inproceedings{nail,
  author = {M. Derr and S. Morishita and G. Phipps},
  title = "{Design and Implementation of the Glue-NAIL Database System}",
  booktitle = sigmod,
  year = "1993"
}


@TechReport{networkGraphs,
    author = {Boon Thau Loo},
    title = "{Querying Network Graphs with Recursive Queries}",
    institution =  {UC Berkeley},
    year = {2004},
    number = {UCB-CS-04-1332}
}

@inproceedings{nira,
    author = {Xiaowei Yang},
    title = "{NIRA: A New Internet Routing Architecture}",
    booktitle = "Proceedings of the ACM SIGCOMM workshop on Future directions in network architecture",
    year = "2003"
}

@inproceedings{nickRouting,
    author = {N. Feamster and H. Balakrishnan},
    title = "{Towards a Logic for Wide-Area Internet Routing}",
    booktitle = "Proceedings of FDNA-03",
    year = "2003"
}

@inproceedings{expressiveDatalog,
    author = {Phokion Kolaitis and Moshe Vardi},
    title = "{On the Expressive Power of Datalog: Tools and a Case Study}",
    booktitle = pods,
    year = "1990"
}


@inproceedings{disjointPaths,
    author = {Chandra Chekuri and Sanjeev Khanna},
    title = "{Edge Disjoint Paths Revisited}",
    booktitle = "Proceedings of SODA",
    year = "2003"
}


@inproceedings{ron,
    author = {David Anderson and Hari Balakrishnan and Frans Kaashoek and Robert Morris},
    title = "{Resilient Overlay Networks}",
    booktitle = sosp,
    year = "2001"
}

@inproceedings{detour,
    author = {Stefan Savage and Tom Anderson and Amit Aggarwal and David Becker and Neal Cardwell and Andy Collins and Eric Hoffman and John Snell and Amin Vahdat and Geoff Voelker and John Zahorjan},
    title = "{Detour: A Case for Informed Internet Routing and Transport}",
    booktitle = "IEEE Micro",
    year = "1999"
}

@inproceedings{checkone,
    author = {Floris Geerts and Bart Kuijpers},
    title = "{Deciding Termination of Query Evaluation in Transitive-Closure Logics for Constraint Databases}",
    booktitle = "ICDT",
    year = 2003
}

@article{checktwo,
    author = {Alon Y. Halevy and Inderpal Singh Mumick and Yehoshua Sagiv and Oded Shmueli},
    title = "{Static Analysis in Datalog Extensions}",
    journal= "J. ACM",
    volume = 48,
    year = 2001
}

@inproceedings{cbt,
    author = {Tony Ballardie and Paul Francis and Jon Crowcroft},
    title = "{Core Based Trees (CBT): An Architecture for Scalable Inter-Domain Multicast Routing}",
    booktitle = sigcomm,
    year = 2003
}

@inproceedings{policyDisputes,
    author = {Cheng Tien Ee and Byung-Gon Chun and Vijay Ramachandran and Kaushik Lakshminarayanan and Scott Shenker},
    title = "{Resolving Inter-Domain Policy Disputes}",
    booktitle = "SIGCOMM",
    year = 2007
}

@inproceedings{hlp,
    author = {Lakshminarayanan Subramanian and Matthew Caesar and Cheng Tien Ee and Mark Handley and Morley Mao and Scott Shenker and Ion Stoica},
    title = "{HLP: A Next-generation Interdomain Routing Protocol}",
    booktitle = "SIGCOMM",
    year = {2005}
}

@inproceedings{softRouter,
    author = {T. V. Lakshman and T. Nandagopal and Ram Ramjee and K. Sabnani and Thomas Woo},
    title = "{The SoftRouter Architecture}",
    booktitle = "HotNets-III",
    year = 2004
}

@inproceedings{pierCidr,
    author = {Ryan Huebsch and Brent Chun and Joseph Hellerstein and Boon Thau Loo and Petros Maniatis and Timothy Roscoe and Scott Shenker and Ion Stoica and Aydan R. Yumerefendi},
    title = "{The Architecture of PIER: an Internet-Scale Query Processor}",
    booktitle = "{2nd Biennial Conference on Innovative Data Systems Research (CIDR)}",
    year = 2005
}


@inproceedings{transitive,
    author = {Yannis Ioannidis and Raghu Ramakrishnan},
    title = "{Efficient Transitive Closure Algorithms}",
    booktitle = vldb,
    year = 1988
}


@inproceedings{xorp,
    author = {M. Handley and A. Ghosh and P. Radoslavov and O. Hodson and E. Kohler},
    title = "{Designing IP Router Software}",
    booktitle = nsdi,
    year = 2005 
}

@article{click,
    author = {Eddie Kohler and Robert Morris and Benjie Chen and John Jannotti and M. Frans Kaashoek},
    title = "{The Click Modular Router}",
    journal = {ACM Transactions on Computer Systems},
    volume = "18(3)",
    year = 2000,
    pages = "263-297",
}

@article{swiprolog, 
     title = "{SWI-Prolog}",
     note = "{http://www.swi-prolog.org}"
}

@article{lisp, 
     title = "{Programming in Emacs Lisp}",
     note = "{\link{http://www.math.utah.edu/docs/info/emacs-lisp-intro_8.html}}"
}

@article{pierWeb, 
     title = "{PIER}",
     note = "\link{http://pier.cs.berkeley.edu}"
}

@article{foreign,
   title = "{Foreign Language Functions in LDL++}",
   note = "{http://www.cs.ucla.edu/ldl/tutorial/foreign.html}"
}


@inproceedings{costMagic,
     author = {P. Seshadri and J. M. Hellerstein and H. Pirahesh and T. C. Leung and R. Ramakrishnan and D. Srivastava and P. J. Stuckey and S. Sudarshan},
     title = "{Cost-based Optimization for Magic: Algebra and Implementation}",
     year = 1996,
     booktitle = sigmod
}

@inproceedings{adt-ingres,
author="Michael Stonebraker",
title="{Inclusion of New Types in Relational Data Base Systems}",
booktitle="ICDE",
year=1986
}

@inproceedings{spin95,
author="Brian Bershad and Stefan Savage and Przemyslaw Pardyak and
                  Emin Gun Sirer and David Becker and Marc Fiuczynski
                  and Craig Chambers and Susan Eggers",
title="{Extensibility, Safety and Performance in the {SPIN} Operating
                  System}",
booktitle=sosp,
year="1995"
}

@techreport{java95,
author="Gosling, J. and H. McGilton", 
title="{The Java Language Environment: A White Paper}", 
year="1995", 
institution="Sun Microsystems"}



@article{vanDeursen00,
    author = "Arie van Deursen and Paul Klint and Joost Visser",
    title = "{Domain-Specific Languages: An Annotated Bibliography}",
    journal = "SIGPLAN Notices",
    volume = "35",
    number = "6",
    year = "2000"
}


@article{bentley-cacm86,
volume=29, 
number=8, 
year=1986,
title="Programming Pearls: Little Languages",
author="Jon Louis Bentley",
journal="Comm. ACM",
pages="711-721"
}

@inbook{kolaitis-bookchapter,
author="Phokion Kolaitis",
title="On the Expressive Power of Logics on Finite Models",
booktitle="Finite Model Theory and its Applications",
publisher="Springer",
year=2005
}

@inproceedings{containment,
  author    = {Diego Calvanese and
               Giuseppe De Giacomo and
               Moshe Y. Vardi},
  title     = "{Decidable Containment of Recursive Queries}",
  booktitle = {ICDT},
  year      = {2003}
}


@article{semi,
    author = {I. Balbin and K. Ramamohanarao},
    title = "{A Generalization of the Differential Approach to Recursive Query Evaluation}",
    journal = {Journal of Logic Prog, 4(3):259--262},
    year = {1987}
}

@inproceedings{planP,
    author = {Scott Thibault and Charles Consel and Gilles Muller},
    title = "{Safe and Efficient Active Network Programming}",
    booktitle = {17th IEEE Symposium on Reliable Distributed Systems}, 
    year = {1998}
}


@article{safetyNet, 
     author = "{SafetyNet}",
     title = "{The SafetyNet Project}",
     note = "{http://www.cogs.susx.ac.uk/projects/safetynet/}",
}



@article{krs, 
     author = {Ravi Krishnamurthy and Raghu Ramakrishnan and Oded Shmueli},
     title = "{A Framework for Testing Safety and Effective Computability}",
     journal = "{J. Comp. Sys. Sci. 52(1):100-124}", 
     year = 1996
}

@inproceedings{oldMagic,
    author = {F. Bancilhon and D. Maier and Y. Sagiv and J. Ullman},
    year = 1986,
    title = "{Magic Sets and Other Strange Ways to Implement Logic Programs}",
    booktitle = sigmod
}


@inproceedings{rossAggregate,
    author = {R. Ramakrishnan and K. A. Ross and D. Srivastava and S. Sudarshan},
    year = 1992,
    title = "{Efficient Incremental Evaluation of Queries with Aggregation}",
    booktitle = sigmod
}

@article{semi1,
  author = {Francois Bancilhon},
  title = "{Naive Evaluation of Recursively Defined Relations}",
  journal = "{On Knowledge Base Management Systems: Integrating AI and DB Technologies}",
  year = 1986,
  publisher = "{Springer-Verlag}"
}   

@inproceedings{qsr,
    author = "{Laurent Vieille}",
    title = "{Recursive Axioms in Deductive Database: The Query-Subquery Approach}",
    booktitle = "{1st International Conference on Expert Database Systems}",
    year = 1986    
}

@article{alexander,
    author = "J. Rohmer and R. Lescoeur and J. M. Kerisit",
    title = "{Alexander Method - A Technique for the Processing of Recursive Axioms in Deductive Databases}", 
    journal = "{New Generation Computing 4:522-528}",
    year = 1986
}


@inproceedings{extension,
    author = "Suzanne W. Dietrich",
    title = "{Extension Tables: Memo Relation in Logic Programming}",
    booktitle = "{Proceedings of Symposium on Logic Programming}",
    pages = "264-272",
    year = 1987
}


@inproceedings{declareRoute,
    author = "Boon Thau Loo and Joseph M. Hellerstein and Ion Stoica and Raghu Ramakrishnan",
    title = "{Declarative Routing: Extensible Routing with Declarative Queries}",
    booktitle = "ACM SIGCOMM",
    year = 2005
}


@inproceedings{declareOverlays,
    author = "Boon Thau Loo and Tyson Condie and Joseph M. Hellerstein and Petros Maniatis and Timothy Roscoe and Ion Stoica",
    title = "{Implementing Declarative Overlays}",
    booktitle = sosp,
    year = 2005
}



@inproceedings{zrp,
  author = "Zygmunt J. Haas",
  title = "{A New Routing Protocol for the Reconfigurable Wireless Networks}",
  booktitle = "{IEEE Int. Conf. on Universal Personal Communications}",
  year = "1997"
}

@article{xjoin,
  author = "Tolga Urhan and Michael J. Franklin",
  title = "{XJoin: A Reactively-Scheduled Pipelined Join Operator}",
  booktitle = "{IEEE Data Engineering Bulletin}",
  volume = "23",
  number = "2",
  year = "2000"
}

@inproceedings{shj,
   author = "A. N. Wilschut and P. M. G. Apers",
   title = "{Pipelining in Query Execution}", 
   booktitle = "{International Conf on Databases, Parallel Architectures and their Applications}", 
   year = "1991"
}

@inproceedings{monoagg,
   author = "K. Ross and Y. Sagiv",
   title = "{Monotonic Aggregation in Deductive Databases}",
   booktitle = pods,
   year = "1992"
}

@article{ldlplus,
   author = "Faiz Arni and Kayliang Ong and Shalom Tsur and Haixun Wang and Carlo Zaniolo",
   title = "{The Deductive Database System LDL++}",
   journal = "{The Theory and Practice of Logic Programming}",
   volume = "2",
   pages =  "61-94",
   year = "2003"
}


@article{ldl,
    author = "Danette Chimenti and Ruben Gamboa and Ravi Krishnamurthy and Shamim A. Naqvi and Shalom Tsur and Carlo Zaniolo",
    title = "The {LDL} System Prototype",
    journal = "Knowledge and Data Engineering",
    volume = "2",
    number = "1",
    pages = "76-90",
    year = "1990",
    url = "citeseer.ist.psu.edu/article/chimenti96ldl.html" }

@article{zaniolo,
  author = "Filippo Furfaro and Sergio Greco and Sumit Ganguly and Carlo Zaniolo",
  title = "{Pushing Extrema Aggregates to Optimize Logic Queries}",
  journal = "{Inf.Sys.}",
  volume = "27",
  number = "5",
  pages = "321-343",
  year = "2002"
}

@inproceedings{spvp,
   author = "T. G. Griffin and G. Wilfong",
   title = "{A Safe Path Vector Protocol}",
   booktitle = "INFOCOM",
   year = 2000
}

@article{stablepaths,
   title = "{The Stable Paths Problem and Interdomain Routing}",
   author = {Timothy G. Griffin and F. Bruce Shepherd and Gordon Wilfong},
   journal = "{IEEE Transactions on Networking}",
   volume = "10",
   pages = "232-243",
   year = "2002"
}

@inproceedings{bgpmodel,
    title = "{An Analysis of BGP Convergence Properties}",
    author = {Timothy G. Griffin and Gordon Wilfong},
    booktitle = "SIGCOMM",
    year = 1999
}


@inproceedings{metarouting,
 author = {Timothy G. Griffin and Joao Luis Sobrinho},
 title = {Metarouting},
 booktitle = "ACM SIGCOMM",
 year = {2005},
}

@InProceedings{Peterson_HotNets_2004,
   Author      = "Larry Peterson and Scott Shenker and Jonathan Turner",
   Title       = "{Overcoming the Internet Impasse Through Virtualization}",
   Booktitle   = "Proceedings of the 3rd ACM Workshop on Hot Topics in
                  Networks (HotNets-III)",
   Year        = 2004
}

@InProceedings{whaley04,
author = "John Whaley and Monica S. Lam",
title= "{Cloning-Based Context-Sensitive Pointer Alias Analysis Using Binary Decision Diagrams}",
booktitle="PLDI", 
year=2004
}

@article{lagbeach,
  author    = {Philip A. Bernstein and
               Umeshwar Dayal and
               David J. DeWitt and
               Dieter Gawlick and
               Jim Gray and
               Matthias Jarke and
               Bruce G. Lindsay and
               Peter C. Lockemann and
               David Maier and
               Erich J. Neuhold and
               Andreas Reuter and
               Lawrence A. Rowe and
               Hans-J{\"o}rg Schek and
               Joachim W. Schmidt and
               Michael Schrefl and
               Michael Stonebraker},
  title     = "{Future Directions in DBMS Research}",
  journal   = {SIGMOD Record},
  volume    = {18},
  number    = {1},
  year      = {1989},
  pages     = {17-26}
}

@book{redbook98,
editor="Michael Stonebraker and Joseph M. Hellerstein",
title="Readings in Database Systems, Third Edition",
publisher="Morgan Kaufmann",
address="San Francisco",
year=1998
}

@inproceedings{volcano,
  author =       {Goetz Graefe},
  title =        {{Encapsulation of Parallelism in the Volcano Query
                  Processing System}},
  booktitle =    sigmod,
  year =         {1990},
}

@article{ullmanNegation,
  author = "{Jeffery Ullman}",
  title = "{Assigning an Appropriate Meaning to Database Logic with Negation}",
  journal = "{Computers as Our Better Partners}",
  publisher = "World Scientific Press.",
  pages = {216-225},
  year = "1994"
}


@inproceedings{correctRouting,
   author = {Nick Feamster and Hari Balakrishnan},
   title = "{Correctness Properties for Internet Routing}",
   booktitle = "{Allerton Conference on Communication, Control, and Computing}",
   year = "2005"
}

@inproceedings{pipelinedRecursive,
   author = {J. Shao and D. A. Bell and M. E. C. Hull},
   title = "{An Experimental Performance Study of a pipelined recursive query processing strategy}",
   booktitle = "{International Symposium on Databases for Parallel and Distributed Systems}",
   year = "1990"
}


@inproceedings{discreteEventDatalog,
   author = {Serge Abiteboul and Zoe Abrams and Stefan Haar and Tova Milo},
   title = "{Diagnosis of Asynchronous Discrete Event Systems - Datalog to the Rescue!}",
   booktitle = pods,
   year = "2005"
}

@inproceedings{logicProgramAnalysis,
 author = {Steven Dawson and C. R. Ramakrishnan and David S. Warren},
 title = {Practical program analysis using general purpose logic programming systems\\u2014a case study},
 booktitle = {PLDI '96: Proceedings of the ACM SIGPLAN 1996 conference on Programming language design and implementation},
 year = {1996},
 isbn = {0-89791-795-2},
 pages = {117--126},
 location = {Philadelphia, Pennsylvania, United States},
 doi = {http://doi.acm.org/10.1145/231379.231399},
}


@inproceedings{anf,
  author =       {Christopher R.Palmer and Phillip B. Gibbons and Christos Faloutsos},
  title =        {{ANF: A Fast and Scalable Tool for Data Mining in Massive Graphs}},
  booktitle =    {ACM SIGKDD}, 
  year =         {2002},
  pages =        {102-111},
}

@inproceedings{sharp,
  author =       {Venugopalan Ramasubramanian and Zygmunt J. Haas and Emin Gun Sirer},
  title =        {{SHARP: A Hybrid Adaptive Routing Protocol for Mobile Ad Hoc Networks}}, 
  booktitle =    {ACM MobiHoc}, 
  year =         {2003},
}



@inproceedings{cassandra,
   author = {Moritz Y. Becker and Peter Sewell},
   title = "{Cassandra: Distributed Access Control Policies with Tunable Expressiveness}",
   booktitle = {5th IEEE International Workshop on Policies for Distributed Systems and Networks}, 
   year = 2004
}


@InProceedings{maude,
  author = 	 {Alwyn Goodloe and Carl A. Gunter and Mark-Oliver Stehr},
  title = 	 {Formal Prototyping in Early Stages of Protocol Design},
  booktitle =	 {Proc. ACM WITS'05},
  year =	 2005
}

@inproceedings{jimsuciu, 
   title = "{Dynamically Distributed Query Evaluation}",
   author = {Trevor Jim and Dan Suciu},
   booktitle = pods,
   year = 2001
}

@inproceedings{singhEurosys,
   author = {Atul Singh and Petros Maniatis and Timothy Roscoe and Peter Druschel}, 
   title = "{Distributed Monitoring and Forensics in Overlay Networks}",
   booktitle = {Eurosys},
   year = 2006
}

@article{p2, 
     title = "{P2: Declarative Networking System}",
     note  = "{http://p2.cs.berkeley.edu}"
}


@article{akamai, 
     author = {Akamai},
     title = "{Akamai Content Distribution Network}",
     year = 2006,
     note  = "{http://www.akamai.com}"
}



@inproceedings{feamster05,
title="Correctness Properties for {I}nternet Routing",
author="N. Feamster and H. Balakrishnan",
booktitle="Allerton Conference on Communication, Control, and Computing",
year=2005
}

@inproceedings{ raman99model,
    author = "Suchitra Raman and Steven McCanne",
    title = "A Model, Analysis, and Protocol Framework for Soft State-Based Communication",
    booktitle = {SIGCOMM},
    pages = "15-25",
    year = "1999",
    url = "citeseer.ist.psu.edu/raman99model.html" 
}

@inproceedings{ clark88design,
    author = "David D. Clark",
    title = "The design philosophy of the {DARPA} internet protocols",
    booktitle = sigcomm,
    pages = "106-114",
    year = "1988",
    organization = "{ACM}",
    address = "Stanford, CA",
    url = "citeseer.ist.psu.edu/clark88design.html" 
}

@InProceedings{handley05xorp,
  author = 	 {Mark Handley and Atan Ghosh and Pavlin Radoslavov and Orion Hodson and Eddie Kohler},
  title = 	 "{Designing Extensible {IP} Router Software}",
  booktitle =	 nsdi,
  year =	 2005
}

@inproceedings{scout,
 author = {David Mosberger and Larry L. Peterson},
 title = "{Making paths explicit in the {S}cout operating system}",
 booktitle = osdi, 
 year = {1996},
 isbn = {1-880446-82-0},
 pages = {153--167},
 location = {Seattle, Washington, United States},
 publisher = {ACM Press},
 }

@article{cleanslate-4d, author = {Albert Greenberg and Gisli Hjalmtysson
 and David A. Maltz and Andy Meyers and Jennifer Rexford and Geoffrey
 Xie and Hong Yan and Jibin Zhan and Hui Zhang}, title = "{A clean slate
 4D approach to network control and management}", journal = "ACM SIGCOMM
 Computer Communications Review", year = {2005}}



@book{alicebook,
  author    = "{Serge Abiteboul, et.al}",
  title     = {Foundations of Databases},
  publisher = {Addison-Wesley},
  year      = {1995}
}

@book{distDBbook,
  author = {M. Tamer Ozsu and Patrick Valduriez},
  title = {Principles of Distributed Database Systems, Second Edition}, 
  publisher = {Prentice Hall},
  year = {1999}
}

@book{ee122text,
    author = {Larry Peterson and Bruce Davie},
    title = {Computer Networks: A Systems Approach, Fourth Edition},
    publisher = {Morgan-KaufMann},
    year = {2007}
}

@book{ee122text278,
    author = {Larry Peterson and Bruce Davie},
    title = {Computer Networks: A Systems Approach},
    publisher = {Morgan-KaufMann},
    page = 278,
    year = {2003}
}

@book{prologBook,
    author = {W. F. Clocksin and C. S. Melish},
    title = {Programming in Prolog},
    publisher = {Springer-Verlag}, 
    year = 1987
}


@inproceedings{sd3,
    author = {Trevor Jim},
    title = "{SD3: A Trust Management System With Certified Evaluation}",
    booktitle = "IEEE Symposium on Security and Privacy",
    year = {2001}
}


@inproceedings{trustDistributed,
    author = {Matt Blaze and Joan Feigenbaum and Angelos D. Keromytis},
    title = "The Role of Trust Management in Distributed Systems Security",
    booktitle = "Secure Internet Programming",
    pages = "185-210",
    year = "1999"
}

@inproceedings{declarativeSensors,
    author = {David Chu and Arsalan Tavakoli and Lucian Popa and Joseph M. Hellerstein},
    title = "{Entirely Declarative Sensor Network Systems}",
    booktitle = vldbDemo,
    year = "2006"
}

@inproceedings{binder,
    author = {John DeTreville}, 
    title = {Binder: A Logic-Based Security Language},
    booktitle = {IEEE Symposium on Security and Privacy},
    year = "2002"
}

@inproceedings{corona,
    author = {Venugopalan Ramasubramanian and Ryan Peterson and Emin Gun Sirer},
    title = {Corona: A High Performance Publish-Subscribe System for the World Wide Web},
    booktitle = {Networked System Design and Implementation},
    year = "2006"
}

@inproceedings{mapreduce,
    author = {Jeffrey Dean and Sanjay Ghemawat},
    title = {MapReduce: Simplified Data Processing on Large Clusters},
    booktitle = osdi,
    year = {2004}
}


@inproceedings{aclogic,
  author = "M. Abadi",
  title = "{Logic in Access Control}",
  booktitle = "{Symposium on Logic in Computer Science}",
  year = "2003",
  url = "citeseer.ist.psu.edu/article/abadi03logic.html" }


@inproceedings{beehive,
    author = {Venugopalan Ramasubramanian and Emin Gun Sirer},
    title = {Beehive: O(1) Lookup Performance for Power-Law Query Distributions in Peer-to-Peer Overlays},
    booktitle = {Networked System Design and Implementation},
    year = "2004"
}

@inproceedings{recursiveIntro,
    author = {F. Banchillon and R. Ramakrishnan},
    title = {An Amateur's Introduction to Recursive Query Processing Strategies},
    booktitle = sigmod,
    year = "1986"
}

@inproceedings{monsoon,
  title={Monsoon: An Explicit Token Store Architecture}, 
  author="G. M. Papadopoulos and D. E. Culler",
  year=1990,
  booktitle={Proc. ISCA}
}

@article{dataflowarch,
  title={Dataflow Machine Architecture},
  journal={ACM Computing Surveys},
  volume=18,
  number=4,
  year=1986,
  author="Arthur H. Veen"
}

@inproceedings{secureGFS,
  author ={Stefan Miltchev and Vassilis Prevelakis and Sotiris Ioannidis and John Ioannidis and Angelos D. Keromytis and Jonathan M. Smith}, 
  title = {Secure and Flexible Global File Sharing},
  year = 2003,
  booktitle =  usenix
}

@inproceedings{declareNetworks,
   author = {Boon Thau Loo and Tyson Condie and Minos Garofalakis and David E. Gay and Joseph M. Hellerstein and Petros Maniatis and Raghu Ramakrishnan and Timothy Roscoe and Ion Stoica},
   title = "{Declarative Networking: Language, Execution and Optimization}",
   booktitle = "ACM SIGMOD",
   year = 2006
}

@article{sbgp, 
     author = "{Secure BGP}",
     note  = "{http://www.ir.bbn.com/sbgp/}",
}

@article{python, 
     author = "{Python Programming Language}",
     note  = "{http://www.python.org}"
}

@inproceedings{secureDHT,
  author = {M. Castro and P. Drushel and A. Ganesh and A. Rowstron and D. Wallach},
  title = "{Secure Routing for Structured Peer-to-peer Overlay Networks}",
  booktitle = osdi,
  year = 2002
}

@book{leighton-book,
author="F. Thomson Leighton", 
title={Introduction to Parallel Algorithms and Architectures: Arrays,
                  Trees, Hypercubes}, 
publisher={Morgan Kaufmann}, 
address="San Mateo, CA", 
year=1992
}

@article{estelle-success,
author ={M. Fecko and M. Uyar and P. Amer and A. Sethi and T. Dzik and R. Menell and M. McMahon},
title={A Success Story of Formal Description Techniques: Estelle Specification and Test Generation for {MIL-STD 188-220}},
editor={R. Lai}, 
volume=23,
journal="Computer Communications (Special Edition on FDTs in Practice)",
year=2000
}


@book{fdt-book,
editor="K. J. Turner",
title="Using formal description techniques -- An Introduction to {E}stelle, {LOTOS} and {SDL}", 
publisher="Wiley", 
year=1993
}

@InProceedings{dabek_nsdi04,
  author = 	 {Frank Dabek and Jinyang Li and Emil Sit and Frans Kaashoek and Robert Morris and Chuck Blake},
  title = 	 {Designing a {DHT} for Low Latency and High Throughput},
  booktitle =	 nsdi,
  year =	 2004
}

@inproceedings{pierHybrid2004,
  title =	 "{The Case for a Hybrid {P2P} Search
                  Infrastructure}",
  author =	 {Boon Thau Loo and Ryan Huebsch and Ion Stoica and
                  Joseph M. Hellerstein},
  booktitle =	 iptps,
  year =	 {2004},
  address =	 {San Diego, CA},
}

@inproceedings{pierSearch,
  author =	 { Boon Thau Loo and Joseph M. Hellerstein and Ryan
                  Huebsch and Scott Shenker and Ion Stoica },
  title =	 {{Enhancing P2P File-Sharing with an Internet-Scale
                  Query Processor}},
  booktitle =	 vldb,
  year =	 { 2004 }
}

@article{Mariposa,
  author =	 {Michael Stonebraker and Paul M. Aoki and Witold
                  Litwin and Avi Pfeffer and Adam Sah and Jeff Sidell
                  and Carl Staelin and Andrew Yu},
  title =	 {{Mariposa: A Wide-Area Distributed Database System}},
  journal =	 vldbj,
  volume =	 {5},
  number =	 {1},
  year =	 {1996},
  pages =	 {48-63},
}

@book{DistributedBook,
  title =	 {{Principles of Distributed Database Systems (2nd
                  Edition)}},
  author =	 "M. Tamer Ozsu and Patrick Valduriez",
  year =	 1999,
  publisher =	 "Prentice Hall"
}

@article{DeWitt1992,
  author =	 {David J. DeWitt and Jim Gray},
  title =	 {{Parallel Database Systems: The Future of High
                  Performance Database Systems}},
  journal =	 {CACM},
  volume =	 {35},
  number =	 {6},
  year =	 {1992},
  pages =	 {85-98},
}

@Article{Gibbons2003,
  author =	 {Phillip B. Gibbons and Brad Karp and Yan Ke and
                  Suman Nath and Srinivasan Seshan},
  title =	 {{IrisNet: An Architecture for a World-Wide Sensor
                  Web}},
  journal =	 {IEEE Pervasive Computing},
  year =	 2003,
  volume =	 2,
  number =	 4
}


@inproceedings{Astrolabe,
  title =	 {Scalable Management and Data Mining Using
                  Astrolabe},
  author =	 {Van Renesse Robbert and Kenneth P. Birman and Dan Dumitriu and Werner Vogel},
  booktitle =	 iptps,
  address =	 "Cambridge, MA",
  year =	 2002
}


@techreport{Tapestry,
  author =	 {B. Y. Zhao and J. D. Kubiatowicz and A. D. Joseph},
  title =	 {{Tapestry: An Infrastructure for Fault-tolerant
                  Wide-area Location and Routing}},
  institution =	 {UC Berkeley},
  year =	 2001,
  number =	 {UCB/CSD-01-1141},
  url =		 {citeseer.nj.nec.com/zhao01tapestry.html}
}



@article{p2Paxos,
   title = "{A Paxon Evaluation of P2}",
   author = "{Benjamin Szekely and Elias Torres}",
   note = "http://www.klinewoods.com/papers/p2paxos.pdf"
}

@inproceedings{tysonHotnets,
    title = "{Finally, a Use for Componentized Transport Protocols}", 
    author = "{Tyson Condie and Joseph M. Hellerstein and Petros Maniatis and Sean Rhea and Timothy Roscoe}",
    booktitle = hotnets,
    year = "2005"
}


@article{tla,
    author = "Leslie Lamport",
    title = "The Temporal Logic of Actions",
    journal = "ACM Transactions on Programming Languages and Systems",
    volume = "16",
    number = "3",
    publisher = "ACM Press",
    pages = "872--923",
    year = "1994",
    url = "citeseer.ist.psu.edu/article/lamport94temporal.html" }

@inproceedings{dhtGeometry, 
    title = "{The Impact of DHT Routing Geometry on Resilience and Proximity}",
    author = "{Krishna P. Gummadi and Ramakrishna Gummadi and Steven D. Gribble and Sylvia Ratnasamy and Scott Shenker and Ion Stoica}",
    booktitle = sigcomm,
    year = 2003}

@inproceedings{tsimmis,
    author = {Sudarshan Chawathe and Hector Garcia-Molina and Joachim Hammer and Kelly Ireland and Yannis Papakonstantinou and Jeffrey D. Ullman and Jennifer Widom},
    title = "{The {TSIMMIS} Project: Integration of heterogeneous information sources}",
    booktitle = "16th Meeting of the Information Processing Society of Japan",
    address = "Tokyo, Japan",
    year = "1994"}

@inproceedings{xport,
    title = "{Extensible Optimization in Overlay Dissemination Tree}",
    booktitle = sigmod,
    year = 1996,
    author = "{O. Papaemmanouil and Y. Ahmad and U. Cetintemel and J. Jannotti and Y. Yildirim}"
}

@inproceedings{modelCheck,
   title = "{Model-checking Large Network Protocol Implementations}",
   author = {Dawson Engler and Madanlal Musuvathi},
   booktitle = nsdi,
   year = 2004
}


@TechReport{recursiveIptps,
    author = {Boon Thau Loo and Joseph M. Hellerstein and Ryan Huebsch and Timothy Roscoe and Ion Stoica},
    title = "{Analyzing P2P Overlays with Recursive Queries}",
    institution =  {UC Berkeley},
    year = {2004},
    number = {UCB-CS-04-1301}
}

@TechReport{honeycomb,
    author = {Venugopalan Ramasubramanian},
    title = "{Cost-Aware Resource Management for Decentralized Internet Services}",
    year = 2007,
    booktitle = "Ph.D. Thesis",
    institution = {Cornell University}
}

@phdthesis{nickThesis,
 author = {Feamster,, Nicholas Greer},
 title = "{Proactive techniques for correct and predictable internet routing}",
 year = {2006},
 publisher = {Massachusetts Institute of Technology}
 }




@TechReport{boonThesis,
    author = {Boon Thau Loo},
    title = "{The Design and Implementation of Declarative Networks (Ph.D. Dissertation)}",
    year = 2006,
    booktitle = "Ph.D. Thesis",
    number = {UCB/EECS-2006-177},
    institution = {UC Berkeley}
}

@inproceedings{dnhotnets,
    author = {Boon Thau Loo and Joseph M. Hellerstein and Ion Stoica},
    title = "{Customizable Routing with Declarative Queries}",
    year = 2004,
    booktitle = hotnets
} 

@inproceedings{dsn,
    Author = {David Chiyuan Chu and Lucian Popa and Arsalan Tavakoli and Joseph M. Hellerstein and Philip Levis and Scott Shenker and Ion Stoica},
    Title = {The Design and Implementation of A Declarative Sensor Network System}, 
    booktitle =  "{5th ACM Conference on Embedded networked Sensor Systems (SenSys)}",
    year = 2007
}

@inproceedings{dnv, 
   title = {Towards Declarative Network Verification},
   author = {Anduo Wang and Prithwish Basu and Boon Thau Loo and Oleg Sokolsky},
   booktitle = "11th International Symposium on Practical Aspects of Declarative Languages (PADL)",
   year = 2009
}

@inproceedings{practi,
    author = {N. Belaramani and M. Dahlin and L. Gao and A. Nayate and A. Venkataramani and P. Yalagandula and J. Zheng},
    title = "PRACTI Replication",
    booktitle = nsdi,
    year = 2006
}


@article{ lampson92authentication,
    author = {Butler Lampson and Mart{\'\i}n Abadi and Michael Burrows and Edward Wobber},
    title = "{Authentication in Distributed Systems: Theory and Practice}",
    journal = "{ACM Transactions on Computer Systems}",
    volume = "10",
    number = "4",
    pages = "265--310",
    year = "1992",
    url = "citeseer.ist.psu.edu/lampson92authentication.html" }

@article{dl,
  author =       "Ninghui Li and Benjamin N. Grosof and Joan Feigenbaum",
  title =        "{Delegation Logic}: A Logic-based Approach to Distributed Authorization",
  journal =      "ACM TISSEC",
  year =         "2003",
}

@inproceedings{soutei, 
  author = "Andrew Pimlott and Oleg Kiselyov",
  title = "{A Logic-based Trust-management System}",
  booktitle = "International Symposium on Functional and Logic Programming",
  year = 2006
}


@inproceedings{mulval,
   title = "{MulVAL: A Logic-based Network Security Analyzer}",
   author = "{Xinming Ou and Sudhakar Govindavajhala and Andrew W. Appel}",
   year = 2006,
   booktitle = security
}

@inproceedings{inducedChurn,
    title = "{Induced Churn as Shelter from Routing-Table Poisoning}", 
    author = "{Tyson Condie and Varun Kacholia and Sriram Sankararaman and Joseph M. Hellerstein and Petros Maniatis}", 
    year = 2006,
    booktitle = ndss
}

@TechReport{secPal,
    author = "{Moritz Y. Becker and Cedric Fournet and Andrew D. Gordon}",
    title = "{SecPAL: Design and Semantics of a Decentralized Authorization Language}",
    year = 2006,
    booktitle = "Technical Report",
    number = "MSR-TR-2006-120",
    institution = {Microsoft Research}
}


@article{accessIntegration,
  author =	 {Mart\'in Abadi},
  title =	 "{On Access Control, Data Integration and Their Languages}",
  journal =	 "{Computer Systems: Theory, Technology and Applications, A Tribute to Roger Needham}",
  volume =	 {Springer-Verlag},
  year =	 {2004},
  pages =	 {9-14},
}


@inproceedings{bayou,
    author = "Douglas B. Terry and Marvin M. Theimer and Karin Petersen and Alan J. Demers and Mike J. Spreitzer and Carl H. Hauser",
    title = "{Managing Update Conflicts in {B}ayou, a Weakly Connected Replicated Storage System}",
    booktitle = sosp,
    year = "1995",
    url = "citeseer.ist.psu.edu/terry95managing.html" }

@inproceedings{plan,
    author = {Michael W. Hicks and Pankaj Kakkar and Jonathan T. Moore and Carl A. Gunter and Scott Nettles},
    title = "{PLAN}: A Packet Language for Active Networks",
    booktitle = "International Conference on Functional Programming",
    pages = "86-93",
    year = "1998",
    url = "citeseer.ist.psu.edu/hicks98plan.html" }

@inproceedings{p2pwebindexing,
  author = "Jinyang Li and Boon Thau Loo and Joseph Hellerstein and Frans Kaashoek and David Karger and Robert Morris",
  title = "{On the Feasibility of Peer-to-Peer Web Indexing and Search}",
  booktitle = iptps,
  year = 2003,
  url = "citeseer.nj.nec.com/560565.html"
}

@inproceedings{phiCidr,
  author = "Joseph M. Hellerstein and Tyson Condie and Minos Garofalakis and Boon Thau Loo and Petros Maniatis and Timothy Roscoe and Nina Taft",
  title = "{Public Health for the Internet (PHI): Towards a New Grand Challenge for Information Management}",
  year = 2007, 
  booktitle =  "{3rd Biennial Conference on Innovative Data Systems Research (CIDR)}"
}

@inproceedings{iPlane,
   author = "{Harsha V. Madhyastha and Tomas Isdal and Michael Piatek and Colin Dixon and Thomas Anderson and Arvind Krishnamurthy and Arun Venkataramani}",
   title = "{iPlane: An Information Plane for Distributed Services}",
   year = 2006,
   booktitle = osdi
}

@inproceedings{ins,
    author = "William Adjie-Winoto and Elliot Schwartz and Hari Balakrishnan and Jeremy Lilley",
    title = "The design and implementation of an intentional naming system",
    booktitle = "SOSP",
    pages = "186-201",
    year = "1999"}

@article{codd,
  author = {E. F. Codd},
  title = "{A Relational Model of Data for Large Shared Data Banks}",  
  journal = {Commun. ACM},
  volume = {13},
  number = {6},
  year = {1970},
  pages = {377-387},
}

@inproceedings{miltchev03,
  author = {Stefan Miltchev and Vassilis Prevelakis and Sotiris Ioannidis and John Ioannidis and Angelos D. Keromytis and Jonathan M. Smith},
  title = {Secure and Flexible Global File Sharing},
  booktitle = {Proceedings of the USENIX Annual Technical Conference, Freenix Track},
  year = {2003},
  pages = {165}
}

@inproceedings{secnetlogic,
  author = {Mart\'in Abadi and Boon Thau Loo}, 
  title = "{Towards a Language and System for Secure Networking}",
  booktitle = {NetDB},
  year = 2007
}

@inproceedings{i3mobility,
    author = {Shelley Q. Zhuang and Kevin Lai and Ion Stoica and Randy H. Katz and Scott Shenker}, 
    title = "{Host Mobility using an Internet Indirection Infrastructure}", 
    booktitle = "ACM/Usenix Mobisys",
    year = 2003
}

@inproceedings{dharma,
   author = {Yun Mao and Bjorn Knutsson and Honghui Lu and Jonathan M. Smith}, 
   title = "{DHARMA: Distributed Home Agent for Robust Mobile Access}", 
   booktitle = "IEEE INFOCOM",
   year = 2005
}

 
@inproceedings{archivedStreams, 
   author = "{Sirish Chandrasekaran and Michael J. Franklin}",
   title = "{Remembrance of Streams Past: Overload-Sensitive Management of Archived Streams}",
   booktitle = vldb,
   year = 2004
}

@inproceedings{moirae, 
   author = "{Magdalena Balazinska, YongChul Kwon, Nathan Kuchta, and Dennis Lee}",
   title = "{Moirae: History-Enhanced Monitoring}",
   booktitle =  "{3rd Biennial Conference on Innovative Data Systems Research}", 
   year = 2007
}


@inproceedings{keromytis03strongman,
  author = "A. Keromytis and S. Ioannidis and M. Greenwald and J. Smith",
  title = "{The Strongman Architecture}",
  booktitle =  "{Third DARPA Information Survivability Conference and Exposition}",
  year = "2003"
}

@inproceedings{jmsIMP,
   author = "{M. DeYoung and N. Henke and G. Wai and J. Smith}", 
   title = "{Rethinking Mobile Telephony with the IMP}", 
   booktitle = "European Wireless",
   year = 2004
}

@unpublished{geniUrban,
  author = {Mario Gerla},
  title="{Urban Vehicular Networks in GENI, GENI Design Document 06-18}",
  key="GENI", 
  note="Wireless Working Group", 
  year=2006
}


@unpublished{geniWireless,
  author = {Dipankar Raychaudhuri and Mario Gerla (Eds)}, 
  title = "{Report of NSF Workshop on New Architectures and Disruptive Technologies for the Future Internet: The Wireless, Mobile and Sensor Network Perspective (GENI Design Document 05-04)}",
  year = 2005
}

@article{Hicks03,
 author = {M. W. Hicks and A. D. Keromytis and J. M. Smith},
 title = {{A Secure PLAN}},
 year = 2003,
 journal = {IEEE Transactions on Systems, Man and Cybernetics:
Special Issue on Technologies Promoting Computational Intelligence,
Openness and Programmability in Networks and Internet Services},
volume = 33,
number = 3,
pages = {413--426}
}

@unpublished{geniSecurity,
  author = {Thomas Anderson and Michael Reiter},  
  title = "{GENI Facility Security (GENI Design Document 06-23)}", 
  note = "Distributed Services Working Group", 
  year = 2006
}

@article{Activating,
author = {Jonathan M. Smith and Kenneth L.  Calvert and  Sandra  L.  Murphy and
     Hilarie  K.  Orman  and Larry L. Peterson},
title = {{Activating Networks:  A  Progress  Report}},
journal =  {{IEEE  Computer}},
Volume = 32,
number = 4,
pages = {32--41},
year =  1999
}

@InProceedings{AlexanderSNS97,
  author =       "D. Scott Alexander and Marianne Shaw and Scott
M. Nettles and Jonathan M. Smith",
  title =        {{Active Bridging}},
  booktitle =    "Proceedings, 1997 {SIGCOMM} Conference",
  year =         1997,
  organization = "{ACM}"
}


@Article{AlexanderAHKKMGNS98,
  author =       "D. Scott Alexander and William A. Arbaugh and
Michael Hicks and Pankaj Kakkar and Angelos Keromytis and Jonathan
T. Moore and Carl A. Gunter and Scott M. Nettles and Jonathan M. Smith",
  title =        {{The SwitchWare Active Network Architecture}},
  journal =      "IEEE Network Magazine",
  volume =       12,
  number =       3,
  year =         1998,
  pages =        "29-36",
  note =         "Special issue on Active and Controllable Networks",
}

@Article{AlexanderAKS98,
  author =       "D. Scott Alexander and William A. Arbaugh and Angelos D. Keromyts and Jonathan M. Smith",
  title =        "A Secure Active Network Environment Architecture:
Realization in {SwitchWare}",
  journal =      "IEEE Network Magazine",
  note =         "Special issue on Active and Controllable Networks",
  volume =       12,
  number =       3,
  year =         1998,
  pages =        "37-45",
}

@Article{JCN,
  title = {{The Price of Safety in an Active Network}},
  author = "D.S. Alexander and P.B. Menage and A.D. Keromytis and W.A. Arbaugh and K.G. Anagnostakis and J.M. Smith",
  year = 2001,
  journal = {Journal of Communications (JCN), special issue on programmable switches and routers},
  volume = 3,
  number = 1,
  pages = {4--18}
}

@InProceedings{PolicyMaker,
  author =   {M. Blaze and J. Feigenbaum and J. Lacy},
  title =    {{Decentralized Trust Management}},
  booktitle =    {Proc. of the 17th Symposium on Security and Privacy},
  year =     1996,
  publisher =    {IEEE Computer Society Press, Los Alamitos},
  pages =    {164--173}
}

@TechReport{switchware,
  author =   {J. M. Smith and D. J. Farber and C. A. Gunter and S. M Nettles
and D. C. Feldmeier and W. D. Sincoskie},
 title =     {{SwitchWare: Accelerating Network Evolution}},
 institution =  {CIS Dept. University of Pennsylvania},
  year =     1996,
  number =   {MS-CIS-96-38}
}

@article{IDES,
author = {Yun Mao and Lawrence Saul and Jonathan M. Smith},
journal = {IEEE Journal on Selected Areas in Communications},
title = {{IDES: An Internet Distance Esitmation Service for Large Networks}},
volume = {24},
number = {12},
pages = {2273--2284},
year = 2006
}

@inbook{NetworkAwareness,
author = {Jonathan M. Smith},
title = {{Cognitive Techniques - Network Awareness}},
chapter = 9,
editor = {{Bruce Fette}},
booktitle = {Cognitive Radio Technology},
publisher = {Elsevier},
year = {2006}
}

@article{FLAME,
author = {K. G. Anagnostakis and M. B. Greenwald and S. Ioannidis and D. Li and J. M. Smith},
journal = {Computer Networks},
title = {Flexible Network Monitoring with FLAME},
volume = 50,
number = 14,
year = 2006,
pages = {2548--2563}
}

@article{Hadzic03,
title = {Balancing Performance and Flexibility with Hardware Support for Network
Architectures},
author = {Ilija Hadzic and Jonathan M. Smith},
journal = {ACM Transactions on Computer Systems},
year = {2003},
volume = 21,
number = 4,
pages = {375--411}
}


@Article{Feldmeier98,
  author =       {D.~C. Feldmeier and A.~J. McAuley and J.~M. Smith and
          and D. Bakin and W.~S.Marcus and T. Raleigh},
  title =        {{Protocol Boosters}},
  journal =      {IEEE JSAC Special Issue on Protocol Architectures for the 21st Century},
  year =         {1998},
  volume =       {16},
  number =       {3},
  pages =        {437--444}
}

@Article{TennenhouseSSWM97,
  author =   {David L. Tennenhouse and Jonathan M. Smith and
  W. David Sincoskie and David J. Wetherall and Gary J. Minden},
  title =    {A Survey of Active Network Research},
  journal =      {{IEEE} Communications Magazine},
  year =     1997,
  volume =   35,
  number =   1,
  pages =    {80-86}
}

@Article{safety,
  author =   {D. Scott Alexander and William A. Arbaugh and
                  Angelos D. Keromytis and Jonathan M. Smith},
  title =    {{Safety and Security of Programmable Network
                  Infrastructures}},
  journal =  {IEEE Communications Magazine},
  year =     1998,
  volume =   36,
  number =   10,
  pages =    {84 -- 92}
}

@inproceedings{Zander83,
 title = {{Softnet - An Approach to Higher Level Packet Radio}},
 author = "{J. Zander and R. Forchheimer}",
 booktitle = {Proceedings, AMRAD Conference},
 year = {1983},
 city = {San Francisco}
 }

@inproceedings{Wall82,
 author = {David Wayne Wall},
 title = {{Messages as Active Agents}},
 booktitle = {{Proceedings, 9th Annual POPL}},
 city = {Albuquerque},
 state = {NM},
 year = {1982},
 pages = {34--39}
}

@techreport{Zander80,
 author = {J. Zander and R. Forchheimer},
 title = {{Preliminary Specification of a
Distributed Packet Radio System Using the Amateur Band}},
 number = {LiTH-ISY-I-408},
 institution = {{University of Linkoping}},
 year = {1980}
}

@inproceedings{card,
 author = {J. A. Navarro Perez and A. Rybalchenko and A. Singh.},
 title = {Cardinality Abstraction for Declarative Networking Applications},
 booktitle = "CAV",
 year = {2009},
 }



@inproceedings{djw99,
 title = {Active network vision and reality:
          lessons from a capsule-based system},
 author = {David Wetherall},
 booktitle = {17th {S}ymp. on {O}perating
             {S}ystems {P}rinciples ({SOSP}'99)},
 pages = "64-79",
 year = {1999},
 organization="ACM",
 address = {Kiawah Island, SC},
}

@article{Tennenhouse96,
 author = {David Tennenhouse and David Wetherall},
 title = {{Toward an Active Network Architecture}},
 journal = {{Computer Communications Review}},
 volume = {26},
 number = {2},
 year = {1996}
}

@inproceedings{Clark02,
author = {David D. Clark and John Wroclawski and Karen R. Sollins and Robert Braden},
title = {{Tussle in Cyberspace: Defining Tomorrow's Internet}},
booktitle = {Proc. ACM SIGCOMM},
year = 2002,
pages = {347-356}
}

@article{Blumenthal01,
author = {Marjory S. Blumenthal and David D. Clark},
title = {{Rethinking the design of the Internet: The end-to-end argument versus the brave new world}},
journal = {ACM Transactions on Internet Technology},
volume = 1,
number = 1,
pages = {70--109},
year = {2001}
}

@article{Saltzer84,
author = {J. H. Saltzer and D. P. Reed and D. D. Clark},
title = {End-to-end arguments in system design},
journal = {ACM Transactions on Computer Systems},
volume = 2,
number = 4,
pages = {277--288},
year = 1984
}

@inproceedings{activeNetworks,
  author = {D. Tennenhouse and J. Smith and W. Sincoskie and D. Wetherall and G. Minden},
  title = "{A Survey of Active Network Research}",
  booktitle  = "IEEE Communications Magazine",
  year = "1997",
  url = "citeseer.lcs.mit.edu/tennenhouse97survey.html" 
}

@InProceedings{tinydb,
  author = 	 {Samuel Madden and Michael J. Franklin and
		  Joseph M. Hellerstein and Wei Hong},
  title = 	 {Design of an Acquisitional Query Processor For Sensor Networks},
  booktitle = 	 "ACM SIGMOD",
  pages = 	 {491-502},
  year = 	 {2003},
}

@inproceedings{fall03delay,
  author = "K. Fall",
  title = "A Delay Tolerant Network Architecture for Challenged Internets",
  booktitle = sigcomm,
  year = 2003
}

@InProceedings{p2p-mediation,
  author = 	 {Alon Y. Halevy and
                  Zachary G. Ives and
                  Dan Suciu and
                  Igor Tatarinov},
  title = 	 {Schema Mediation in Peer Data Management Systems},
  booktitle = 	 "ICDE",
  year = 	 {2003},
}

@InProceedings{chord,
  author = 		 {Ion Stoica and Robert Morris and David Karger and
                  M. Frans Kaashoek and Hari Balakrishnan},
  title = 		 "{Chord: A Scalable P2P Lookup Service for
                  {Internet} Applications}",
  booktitle = 	 "SIGCOMM",
  year = 	 2001
}

@inproceedings{oceanstore-asplos,
  author =       {John Kubiatowicz and David Bindel and Yan Chen and Patrick
                  Eaton and Dennis Geels and Ramakrishna Gummadi and Sean Rhea
                  and Hakim Weatherspoon and Westly Weimer and Christopher 
                  Wells and Ben Zhao},
  title =        {OceanStore: An Architecture for Global-scale Persistent
                  Storage},
  booktitle =    {Proceedings of ACM ASPLOS},
  year =         {2000},
  organization = {ACM},
  url = {citeseer.ist.psu.edu/kubiatowicz00oceanstore.html} }

@inproceedings{secure-provenance,
 author = {Ragib Hasan and Radu Sion and Marianne Winslett},
 title = {Introducing secure provenance: problems and challenges},
 booktitle = {StorageSS '07: Proceedings of the 2007 ACM workshop on Storage security and survivability},
 year = {2007},
 isbn = {978-1-59593-891-6},
 pages = {13--18},
 location = {Alexandria, Virginia, USA},
 doi = {http://doi.acm.org/10.1145/1314313.1314318},
 publisher = {ACM},
 address = {New York, NY, USA},
 }


@inproceedings{accountService,
   author = {Adam Bender and Neil Spring and Dave Levin and Bobby Bhattacharjee},
   title = {Accountability as a Service},
   booktitle = {USENIX Steps to Reducing Unwanted Traffic on the Internet}, 
   year = {2007},
}

@inproceedings{absorption,
   author = "{Mengmeng Liu and Nicholas Taylor and Wenchao Zhou and Zachary Ives and Boon Thau Loo}",
   title = "{Recursive Computation of Regions and Connectivity in Networks}",
   booktitle = {25th International Conference on Data Engineering (ICDE)}, 
   year = 2009
}

@inproceedings{accountDB,
   author = {Gerome Miklau and Brian Levine and Patrick Stahlberg},
   title = {Securing history: Privacy and Accountability in Database Systems},
   booktitle = {Conference on Innovative Data Systems Research (CIDR)},
   year = {2007}
}

@inproceedings{laskowski-sigcomm06,
	Author = {Paul Laskowski and John Chuang},
	booktitle = sigcomm,
        year = 2007,
	Title = {Network Monitors and Contracting Systems: {Competition} and Innovation}
}

@inproceedings{provSemi,
     author = {Todd J. Green and Grigoris Karvounarakis and Val Tannen},
     booktitle = pods,
     title = {Provenance Semirings}, 
     year = 2007
}

@inproceedings{savage-sigcomm00,
	Author = {Savage, Stefan and Wetherall, David and Karlin, Anna and Anderson, Tom},
	Title = {Practical Network Support for {IP} Traceback},
        booktitle = sigcomm,
        year = 2000
}

@inproceedings{kornexl-imc05,
	Author = {Kornexl, Stefan and Paxson, Vern and Dreger, Holger and Feldmann, Anja and Sommer, Robin},
	Title = {Building a Time Machine for Efficient Recording and Retrieval of High-Volume Network Traffic},
        year = 2005,
        booktitle = "Internet Measurement Conference (IMC)"
}

@inproceedings{taint,
        author = {James Newsome and Dawn Xiaodong Song},
        title = {Dynamic Taint Analysis for Automatic Detection, Analysis, and Signature Generation of Exploits on Commodity Software},
        booktitle = ndss,
        year = 2005
}

@inproceedings{a3, 
      title = "{Towards Application-Aware Anonymous Routing}", 
      author = {Micah Sherr and Boon Thau Loo and Matt Blaze}, 
      booktitle = "2nd USENIX Workshop on Hot Topics in Security (HotSec)", 
      year = 2007 }

@inproceedings{mobiarch, 
         title = "{The Case for a Unified Extensible Data-centric Mobility Infrastructure}",
         author = {Yun Mao and Boon Thau Loo and Zachary Ives and Jonathan M. Smith},
         booktitle = "2nd ACM International Workshop on Mobility in the Evolving Internet Architecture (MobiArch)",
         year = 2007
}

@inproceedings{netProvenance,
         title = "{Provenance-aware Secure Networks}",
         author = {Wenchao Zhou and Eric Cronin and Boon Thau Loo},
         booktitle = "NetDB",
        year = 2008
} 

@inproceedings{decsec,
         title = "{Unified Declarative Platform for Secure Networked Information Systems}",
         author = {Wenchao Zhou and Yun Mao and Boon Thau Loo and Mart\'in Abadi},
         booktitle = "ICDE",
         year = 2009
}        

@inproceedings{tpdn, 
       title = "{A Theorem Proving Approach towards Declarative Networking}",
       author = {Anduo Wang and Boon Thau Loo and Changbin Liu and Oleg Sokolsky and Prithwish Basu}, 
       booktitle = "22nd International Conference on Theorem Proving in Higher Order Logics (TPHOLs) emerging trends proceedings",
       year = 2009
}


@article{mosaic, 
         title = "{MOSAIC: Multiple Overlay Selection and Intelligent Composition}",
         author = {Yun Mao and Boon Thau Loo and Zachary Ives and Jonathan M. Smith},
         note = "University of Pennsylvania Department of Computer and Information Science Technical Report No. MS-CIS-07-22, 2007"
}


@article{ontonet, 
         title = "{OntoNet: Scalable Knowledge-based Networking}",
         author = {Joseph Kopena and Boon Thau Loo},
         note = "Under submission",
         year = 2007
}

@article{veracity, 
         title = "{Veracity: A Fully Decentralized Service for Securing Network Coordinate Systems}",
         author = {Micah Sherr and Boon Thau Loo and Matt Blaze},
         note = "Under submission",
         year = 2007
}

@inproceedings{keynote,
       title = "{Matt Blaze and Joan Feigenbaum and John Ioannidis and and Angelos D. Keromytis}",
       booktitle = {RFC 2704: The KeyNote trust-management system, version 2},
       year = 1999
}

@inproceedings{secrecy,
      author = {Mart\'in Abadi and Bruno Blanchet},
      booktitle = {29th Annual ACM SIGPLAN - SIGACT Symposium on Principles of Programming Languages},
      year = 2002,
      title = "Analyzing Security Protocols with Secrecy Types and Logic Programs"
}

@inproceedings{runtimeSecurity,
     author = {Stephen Tse and Steve Zdancewic}, 
     title = "Run-time Principals in Information-flow Type Systems",
     booktitle = {Symposium on Security and Privacy (Oakland)},
     year = 2004
}

@inproceedings{bftFast,
     author = {Miguel Castro and Barbara Liskov},
     title = "{Practical Byzantine Fault Tolerance}", 
     booktitle = osdi,
     year = 1999
}

@inproceedings{practicalBFT,
    author = {Jian Yin and Jean-Philippe Martin and Arun Venkataramani and Lorenzo Alvisi and Michael Dahlin},
    title = "{Towards a Practical Approach to Confidential Byzantine Fault Tolerance}",
    booktitle = "{Future Directions in Distributed Computing}",
    year = 2003
}

@inproceedings{rcc,
    title = "{Detecting BGP Configuration Faults with Static Analysis}",
    author = "{N. Feamster and H. Balakrishnan}",
    booktitle = "NSDI",
    year = 2005
}



@inproceedings{pip,
     title = "{Pip: Detecting the Unexpected in Distributed Systems}", 
     author = {Patrick Reynolds and Charles Killian and Janet L. Wiener and Jeffrey C. Mogul and Mehul A. Shah and Amin Vahdat},
     booktitle = "NSDI",
     year = 2006
}

@inproceedings{d3s,
     author = {Xuezheng Liu and Zhenyu Guo and Xi Wang and Feibo Chen and Xiaochen Lian Jian Tang and Ming Wu and M. Frans Kaashoek and Zheng Zhang},
     title = "{D3S: Debugging Deployed Distributed Systems}",
     booktitle = "NSDI", 
     year = 2008
}


@inproceedings{friday,
     author = {Dennis Geels and Gautam Altekar and Petros Maniatis and Timothy Roscoe and Ion Stoica},
     title = "{Friday: Global Comprehension for Distributed Replay}",
     booktitle = "NSDI",
     year = 2007
}

@article{i3composition,
     author = {Karthik Lakshminarayanan and Ion Stoica and Klaus Wehrle}, 
     title = "{Support for Service Composition in i3}", 
     journal = {ACM Multimedia (Position paper)}, 
     year = 2004
}

@article{i3multicast, 
    author = {Karthik Lakshminarayanan and Ananth Rao and Ion Stoica and Scott Shenker}, 
    title = "{End-host Controlled Multicast Routing}", 
    journal = "{Elsevier Computer Networks, Special Issue on Overlay Distribution Structures and their Applications}",
    year = 2005 
} 


@inproceedings{spindle, 
    author = {Rajesh Krishnan and Prithwish Basu and Joanne M. Mikkelson and Christopher Small and Ram
    Ramanathan and Dan Brown and John Burgess and Armando Caro and Matthew Condell and Nick Goffee and Regina Rosales Hain and Richard Hansen and Christine Jones and Vikas Kawadia and David Mankins and Beverly Schwartz and Tim Strayer and Jeff Ward and David Wiggins and Stephen Polit},
    title = "The SPINDLE Disruption-Tolerant Networking System", 
    booktitle = "MILCOM",
    year = 2007
}

@inproceedings{cbr,
	author = {H. Huang and John S. Baras},
	title = "Component Based Routing: A New Methodology for Designing Routing Protocols for MANET",
	booktitle = "25th Army Science Conference",
	year = 2006
}

@inproceedings{aodv,
	author = {Charles E. Perkins and Elizabeth M. Royer},
	title = "Ad hoc On-Demand Distance Vector Routing",
	booktitle = "Proceedings of the 2nd IEEE Workshop on Mobile Computing Systems and Applications", 
	address = "New Orleans, LA", 
	year = 1999
}

@inproceedings{olsr,
	author = {T. Clausen and P. Jacquet},
	title = "Optimized Link State Routing Protocol (OLSR)",
	booktitle = {RFC 3626 (Experimental)},
	year = 2003
}

@inproceedings{prep,
 author = {Ram Ramanathan and Richard Hansen and Prithwish Basu and Regina Rosales-Hain and 
			Rajesh Krishnan},
 title = {Prioritized epidemic routing for opportunistic networks},
 booktitle = {ACM MobiOpp '07},
 year = {2007},
 pages = {62--66},
 address = {San Juan, Puerto Rico},
}

@techreport{epi,
	author = {Amin Vahdat and David Becker},
	title = {Epidemic Routing for Partially-Connected Ad Hoc Networks},
	number = {CS-200006},
	institution = {Duke University},
	year = {2000}
}

@inproceedings{hsls,
 author = {Cesar Santivanez and Ram Ramanathan and I. Stavrakakis},
 title = {Making Link-state Routing Scale for Ad Hoc Networks},
 booktitle = {ACM MobiHoc '01},
 year = {2001},
 address = {Long Beach, CA},
}

@inproceedings{presto08,
  title = {A Declarative Perspective on Adaptive MANET Routing},
  author = {Changbin Liu and Yun Mao and Mihai Oprea and Prithwish Basu and Boon Thau Loo},
  booktitle = {ACM SIGCOMM Workshop on Programmable Routers for Extensible Services of TOmorrow},
  year = 2008
}


@inproccedings{lbtrust,
   title = {Declarative Reconfigurable Trust Management},
   author = {William Marczak and David Zook and Wenchao Zhou and Molham Aref and Boon Thau Loo},
   booktitle = cidr,
   year = 2009
}

@inproceedings{mosaicConext, 
         title = "{MOSAIC: Unified Platform for Dynamic Overlay Selection and Composition}",
         author = {Yun Mao and Boon Thau Loo and Zachary Ives and Jonathan M. Smith},
         booktitle = "CoNEXT",
         year = 2008
}


@inproceedings{mac,
  author = {Insup Lee and Sampath Kannan and Moonjoo Kim and Oleg Sokolsky and Mahesh Viswanathan},
  title = {Runtime Assurance Based On Formal Specifications},
  booktitle = "PDPTA",
  year = 1999
}


@inproceedings{mace-nsdi,
   title = {Life, Death, and the Critical Transition: Finding Liveness Bugs in Systems Code},
   author = {Charles Killian  and James Anderson and Ranjit Jhala and Amin Vahdat},
   booktitle = "NSDI",
   year = 2007
}

@inproceedings{cmc,
   title = {CMC: A pragmatic approach to model checking real code},
   author = {Madanlal Musuvathi and David Park and Andy Chou and Dawson R. Engler and David L. Dill},
   booktitle = "OSDI",
   year = 2002
}


@inproceedings{cmcnets,
    title = {Model-checking large network protocol implementations}, 
    author = {Dawson Engler and Madanlal Musuvathi},
    booktitle = "NSDI",
    year = 2004
}


@article{FekGLLS99,
  author =	 {Alan Fekete and David Gupta and Victor Luchangco and
                  Nancy Lynch and Alex Shvartsman},
  title =	 {Eventually-serializable data services},
  journal =	 {Theoretical Computer Science},
  volume =	 220,
  number =	 1,
  year =	 1999,
  issn =	 {0304-3975},
  pages =	 {113--156},
  doi =		 {http://dx.doi.org/10.1016/S0304-3975(98)00239-4},
  publisher =	 {Elsevier Science Publishers Ltd.},
  address =	 {Essex, UK},
}

@inproceedings{SinghNSDI08,
  author =	 "Atul Singh and Tathagata Das and Petros Maniatis and
                  Peter Druschel and Timothy Roscoe",
  title =	 "{BFT Protocols Under Fire}",
  booktitle =	 nsdi,
  year =	 2008,
}



@InProceedings{Belaramani2009,
  author = 	 {Nalini Belaramani and Jiandan Zheng and Amol Nayate and Robert Soul\'{e} and 
Mike Dahlin and Robert Grimm},
  title = 	 {{PADS: A Policy Architecture for Distributed Storage Systems}},
  OPTcrossref =  {},
  OPTkey = 	 {},
  booktitle =	 nsdi,
  OPTpages = 	 {},
  year =	 {2009},
  OPTeditor = 	 {},
  OPTvolume = 	 {},
  OPTnumber = 	 {},
  OPTseries = 	 {},
  OPTaddress = 	 {},
  OPTmonth = 	 {},
  OPTorganization = {},
  OPTpublisher = {},
  OPTnote = 	 {},
  OPTannote = 	 {}
}




