
@incollection{lncs:saltzer:naming, 
  title     = "{Naming and Binding of Objects}", 
  author    = "Jerome H. Saltzer", 
  booktitle = "Lecture Notes in Computer Science, 60: Operating 
               Systems -- An Advanced Course", 
  publisher = "Springer-Verlag", 
  editor    = "R. Bayer and R. M. Graham and G. Seegmueller", 
  pages     = "99--208", 
  year      = 1978, 
} 

@string {jsac     = "IEEE Journal on Selected Areas In Communications"}

@inproceedings{hill-sensors,
    author = "Jason Hill and Robert Szewczyk and Alec Woo and Seth Hollar and David E. Culler and Kristofer S. J. Pister",
    title = "System Architecture Directions for Networked Sensors",
    booktitle = "Architectural Support for Programming Languages and Operating Systems",
    pages = "93-104",
    year = "2000"}


@Article{jsac:nemesis,
  author =   {I. M. Leslie and D. McAuley and R. Black and T. Roscoe and
                  P. Barham and D. Evers and R. Fairbairns and E. Hyden},
  title =    "{The Design and Implementation of an Operating System to
                  Support Distributed Multimedia Applications}",
  journal =  jsac,
  year =     1996,
  volume =   14,
  number =   7,
  month =    {September},
}

@inproceedings{tschudin:netpointers,
  author = {Christian Tschudin and Richard Gold},
  title  = {Network Pointers}, 
  booktitle = "Proc. HotNets-I", 
  month     = "October", 
  year      = 2002, 
}

@inproceedings{fall:dtn,
  author = {Kevin Fall},
  title  = "{A Delay-Tolerant Network Architecture for Challenged Internets}",
  booktitle = "Proc. of ACM SIGCOMM, Karlsruhe, Germany",
  month = {August},
  year = 2003,
}

@misc{newarch:whitepaper, 
  author = "Robert Braden and David Clark and Scott Shenker and 
            John Wroclawski", 
  title  = "{Developing a Next-Generation Internet Architecture}", 
  month  = "July", 
  year   = 2000, 
  note   = "Whitepaper, available at 
            \url{http://www.isi.edu/newarch/DOCUMENTS/WhitePaper.ps}",
}

@inproceedings{rba:hotnets, 
  author    = "Robert Braden and Ted Faber and Mark Handley", 
  title     = "{From Protocol Stack to Protocol Heap --- 
               Role-Based Architecture}", 
  booktitle = "Proc. of the First Workshop on Hot Topics in 
               Networks (HotNets-I)", 
  month     = "October", 
  year      = 2002, 
}

@inproceedings{planetlab:hotnets, 
  author    = "Larry Peterson and Tom Anderson and David Culler and 
               Timothy Roscoe", 
  title     = "{A Blueprint for Introducing Disruptive Technology 
               into the Internet}", 
  booktitle = "Proc. of the First Workshop on Hot Topics in 
               Networks (HotNets-I)", 
  month     = "October", 
  year      = 2002, 
}

@misc{triad00:unpub, 
  author    = "David Cheriton and Mark Gritter",
  title     = "{TRIAD: A new next generation Internet architecture}",
  month     = "March", 
  year      = 2000,
  note      = "Available from 
               \url{http://www-dsg.stanford.edu/triad/triad.ps.gz}", 
}


@inproceedings{triad:usits01, 
  author    = "Mark Gritter and David R. Cheriton",
  title     = {{An Architecture for Content Routing Support in the Internet}},
  booktitle = "Proc. of 3rd USENIX Symposium on Internet Techologies
               and Systems (USITS'01)", 
  month     = "March", 
  year      = 2001, 
  pages     = "37--48",
}



@inproceedings{IPNL:sigcomm01, 
  author    = "Paul Francis and Ramakrishna Gummadi", 
  title     = "{IPNL: A NAT-Extended Internet Architecture}", 
  booktitle = "Proc. of ACM SIGCOMM, San Diego, CA", 
  month     = "August", 
  year      = 2001, 
} 



@misc{4+4:unpub03, 
  author    = "Zoltan Turanyi and Andras Valko and Andrew Campbell", 
  title     = "{4+4: An Architecture for Evolving the Internet Address 
                Space Back Toward Transparency}", 
  note      = "submitted to ACM Computer Communicatinons Review (CCR)",
  year      = 2003, 
} 


@inproceedings{aves:usenix01, 
  author    = "T. S. Eugene Ng and Ion Stoica and Hui Zhang", 
  title     = "{A Waypoint Service Approach to Connect Heterogeneous 
               Internet Address Spaces}", 
  booktitle = "USENIX Annual Technical Conference, Boston, MA", 
  month     = "June", 
  year      = 2001, 
}

@techreport{ansa-naming, 
  author      = "Rob van der Linden", 
  title       = "{The ANSA Naming Model}", 
  institution = "Architecture Projects Management (APM) Limited", 
  number      = "APM.1003.01", 
  month       = "May", 
  year        = 1993,
}

@string {sosp17   = "Proc. of the 17th ACM SIGOPS Symposium on
                     Operating Systems Principles"}


@inproceedings{ins:sosp99, 
    author    = "William Adjie-Winoto and Elliot Schwartz and 
                 Hari Balakrishnan and Jeremy Lilley",
    title     = "{The Design and Implementation of an Intentional 
                  Naming System}",
    booktitle = sosp17, 
    pages     = "186--201",
    month     = "December", 
    year      = "1999",
}


@inproceedings{ron:sosp01, 
  author      = "David G. Andersen and Hari Balakrishnan and 
                 M. Frans Kaashoek and Robert Morris", 
  title       = "{Resilient Overlay Networks}", 
  booktitle   = "Proc. of the 18th ACM Symposium on Operating 
                 System Principles (SOSP'01), Banff, Canada", 
  month       = "October", 
  year        = 2001, 
}


@inproceedings{metanet:ngi97, 
  author      = "John T. Wroclawski", 
  title       = "{The Metanet}", 
  booktitle   = "Proc. of the Workshop on Research Directions 
                 for the Next Generation Internet", 
  note        = "Whitepaper, available at 
                 \url{http://www.cra.org/Policy/NGI/papers/wroklawWP}", 
  year        = 1997,
}

@inproceedings{i3:sigcomm02, 
  author      = "I. Stoica and D. Adkins and S. Zhuang and 
                 S. Shenker and S. Surana",
  title       = "{Internet indirection infrastructure}",
  booktitle   = "Proc. of ACM SIGCOMM 2002, Pittsburgh, PA",
  year        = 2002,
  month       = "August",
}

@techreport{vanrenesse:protocomp, 
    author    = "Robbert Van Renesse and Kenneth P. Birman",
    title     = "Protocol Composition in Horus",
    number    = "TR95-1505",
    month     = "29,",
    pages     = "11",
    year      = "1995",
}

@Article{feldmeier:boosters, 
    author    = "D.C. Feldmeier and A.J. McAuley and J.M. Smith and 
                 D. Bakin and W.S. Marcus and T. Raleigh", 
    title     = "{Protocol Boosters}", 
    journal   = "IEEE Journal on Selected Areas in Communication (JSAC)", 
    note      = "Special Issue on Protocol Architectures for 21st Century", 
    volume    = 16, 
    number    = 3, 
    pages     = "437--444", 
    month     = apr, 
    year      = 1998, 
}

@InProceedings{nakao:openarch01, 
   author    = "Akihiro Nakao and Larry Peterson and Andy Bavier",
   title     = "{Constructing End-to-End Paths for Playing Media Objects}",
   booktitle = "2001 IEEE Open Architectures and Network Programming
                Proc.",
   pages     = {117--128},
   year	     = 2001,
   address   = "Ancorage, AK USA",
   month     = apr
}


@InProceedings{epidemic:fudico02, 
   author    = "Kenneth Birman", 
   title     = "{The Surprising Power of Epidemic Communication}", 
   booktitle = "Proc., Workshop on Future Directions in 
                Distributed Computing (FuDiCo 2002).  Bertinoro, Italy", 
   month     = "June", 
   year      = 2002, 
   publisher = "Spinger-Verlag", 
}

@string{ccr="Computer Communication Review"}
@string{sigcomm88="Proc. of {ACM SIGCOMM} 1988"}

@Article{clark88:_desig_philos_darpa_inter_protoc,
  author =       {D.D. Clark},
  title =        {The Design Philosophy of the {DARPA} Internet
                  Protocols},
  journal =      ccr,
  year =         1988,
  volume =       18,
  number =       4,
  pages =        {106--114},
  month =        aug,
  note =         sigcomm88
}

@InProceedings{cucl-gprs,
  author =       {R. Chakravorty and J. Cartwright and I. Pratt},
  title =        {Practical Experience with {TCP} over {GPRS}},
  booktitle =    {Proc. of {IEEE} {GLOBECOM} 2002},
  year =         2002
}

@TechReport{UCAM-CL-TR-510,
  author =	 {Mortier, Richard and Isaacs, Rebecca and Fraser, Keir},
  title = 	 {{Switchlets and resource-assured MPLS networks}},
  year = 	 2000,
  month = 	 may,
  url = 	 {http://www.cl.cam.ac.uk/TechReports/UCAM-CL-TR-510.pdf},
  institution =  {University of Cambridge, Computer Laboratory},
  issn = 	 {1476-2986},
  number = 	 {UCAM-CL-TR-510}
}

@InProceedings{harren_iptps02,
  author = 	 {Matthew Harren and Joseph M. Hellerstein and Ryan
                  Huebsch and Boon Thau Loo and Scott Shenker and Ion
                  Stoica}, 
  title = 	 {Complex Queries in DHT-based Peer-to-Peer Networks},
  booktitle =	 {Proc. IPTPS},
  year =	 2002,
  month =	 {March}
}

@InProceedings{li_iptps03,
  author = 	 {Jinyang Li and Boon Thau Loo and Joseph Hellerstein and Frans Kaashoek and David Karger and Robert Morris},
  title = 	 {On the Feasibility of Peer-to-Peer Web Indexing and Search},
  booktitle =	 {Proc. IPTPS},
  year =	 2003,
  month =	 {February}
}

@InProceedings{huebsch_vldb03,
  author = 	 {Ryan Huebsch and Joseph M. Hellerstein and Nick Lanham and Boon Thau Loo and Scott Shenker and Ion Stoica},
  title = 	 {Querying the {I}nternet with {PIER}},
  booktitle =	 {Proc. VLDB},
  year =	 2003
}

@InProceedings{loo_iptps04,
  author = 	 {Boon Thau Loo and Ryan Huebsch and Ion Stoica and Joseph M. Hellerstein},
  title = 	 {The Case for a Hybrid P2P Search Infrastructure},
  booktitle =	 {Proc. IPTPS},
  year =	 2004,
  month =	 {February}
}


@TechReport{ratajczak_irb04,
  author = 	 {David Ratajczak and Joseph M. Hellerstein},
  title = 	 {Deconstructing {DHT}s},
  institution =  {Intel Research Berkeley},
  year = 	 2003,
  type =	 {Technical Report},
  number =	 {IRB-TR-03-042}
}

@TechReport{loo_ucb04a,
  author = 	 {Boon Thau Loo and Ryan Huebsch and Joseph M. Hellerstein and Timothy Roscoe and Ion Stoica},
  title = 	 {Analyzing P2P Overlays with Recursive Queries},
  institution =  {U.C. Berkeley},
  year = 	 2004,
  type =	 {Technical Report},
  number =	 {UCB//CSD-04-130},
  month =	 {January}
}

@TechReport{loo_ucb04b,
  author = 	 {Boon Thau Loo and Sailesh Krishnamurthy and Owen Cooper},
  title = 	 {Distributed Web Crawling over DHTs},
  institution =  {U.C. Berkeley},
  year = 	 2004,
  type =	 {Technical Report},
  number =	 {UCB//CSD-4-1305},
  month =	 {Feburary}
}

@InProceedings{roscoe_hotnets_2002,
  author = 	 {Timothy Roscoe and Steve Hand and Rebecca Isaacs and 
                  Richard Mortier and Paul Jardetzky},
  title = 	 "{Predicate Routing: Enabling Controlled Networking}", 
  booktitle = 	 {Proc. of the 1st Workshop on Hot Topics in Networks 
                  (HotNets-I), Princeton, New Jersey, USA},
  year =	 2002,
  month =	 {October}
}

@Book{boudec_netcalc,
  author =	 {Jean-Yves {Le Boudec} and Patrick Thiran},
  title = 	 {Network Calculus},
  publisher = 	 {Springer-Verlag},
  year = 	 2001,
  number =	 2051,
  series =	 {Lecture Notes in Computer Science},
  month =	 {June}
}

@Misc{caida_telescopes,
  author =	 {CAIDA},
  title =	 {Network Telescopes},
  howpublished = {\url{http://www.caida.org/analysis/security/telescope/}},
  month =	 {June},
  year =	 2004
}

@Misc{berinato_futuresec,
  author =	 {Scott Berinato},
  title =	 {The future of security},
  howpublished = {ComputerWorld, \url{http://www.computerworld.com/printthis/2003/0,4814,88646,00.html}}, 
  month =	 {December},
  year =	 2003
}

@string{OSDI02 = "Proc.\ OSDI 2002"}
@string{USENIXASSOC = "{USENIX} {Association}"}

@InProceedings{White+:osdi02,
        Author = {Brian White and Jay Lepreau and Leigh Stoller and
                  Robert Ricci and Shashi Guruprasad and Mac Newbold and
                  Mike Hibler and Chad Barb and Abhijeet Joglekar},
        Title={An Integrated Experimental Environment
                 for Distributed Systems and Networks},
        booktitle = OSDI02,
        address = {Boston, MA},
        month  = dec,
        year   = 2002
}


@InProceedings{Vahdat+:osdi02,
  author = 	 {Amin Vahdat and Ken Yocum and Kevin Walsh and Priya Mahadevan and Dejan Kostic and Jeff Chase and and David Becker},
  title = 	 {Scalability and Accuracy in a Large-Scale Network Emulator},
        booktitle = OSDI02,
        address = {Boston, MA},
        month  = dec,
        year   = 2002
}

@InProceedings{Simpson+:pam2004,
  author = 	 {Simpson Jr., Charles Robert and George F. Riley},
  title = 	 {{NETI@Home: A Distributed Approach to Collecting End-to-End Network Performance Measurements}},
  booktitle =	 {Proc. of the 5th Annual Passive and Active Measurement Workshop (PAM 2004)},
  year =	 2004,
  month =	 {April}
}

@Misc{dimes:website,
  author =	 {{The DIMES Project}},
  howpublished = {\url{http://www.netdimes.org/}},
  month =	 {June},
  year =	 2004
}

@Misc{dshield:website,
  title =	 {{DShield: Distributed Intrusion Detection System}},
  howpublished = {\url{http://www.dshield.org/}},
  month =	 {June},
  year =	 2004
}

@InProceedings{pang_imc_2004,
  author = 	 {Ruoming Pang and Vinod Yegneswaran and Paul Barford and Vern Paxson and Larry Peterson},
  title = 	 {Characteristics of {I}nternet Background Radiation},
  booktitle =	 {Proc. IMC 2004},
  year =	 2004,
  month =	 {October}
}

@Article{anderson_cacm_2002,
  author = 	 {David P. Anderson and Jeff Cobb and Eric Korpela and Matt Lebofsky and Dan Werthimer},
  title = 	 {{SETI@home: An Experiment in Public-Resource Computing}},
  journal = 	 {Communications of the ACM},
  year = 	 2002,
  volume =	 45,
  number =	 11,
  pages =	 {56-61},
  month =	 {November}
}


@techreport{boon-recursion-tr,
author="Boon Thau Loo and Ryan Huebsch and Joseph M. Hellerstein and
                  Timothy Roscoe and Ion Stoica",
title="Analyzing P2P Overlays with Recursive Queries",
institution="Intel Research", 
number="IRB-TR-03-045", 
month = Nov,
year= 2003
}

@inproceedings{astrolabe,
  title =	 "Scalable Management and Data Mining Using {A}strolabe",
  author =	 "van Renesse, Robbert and Birman, Kenneth P. and
                  Dumitriu, Dan and Vogel, Werner",
  booktitle =	 "Proc. First International Workshop on Peer-to-Peer
                  Systems (IPTPS '01)",
  address =	 "Cambridge, MA",
  month =	 mar,
  year =	 2002
}

@article{newjersey,
author = "D. Barbar\'a and W. DuMouchel and C. Faloutsos and
                  P. J. Haas and J. M. Hellerstein and Y. Ioannidis
                  and H. V. Jagadish and T. Johnson and R. Ng and
                  V. Poosala and K. A. Ross and K. C. Sevcik",
title="{The New Jersey Data Reduction Report}",
journal = "IEEE Data Enginering Bulletin",
volume=20,
number=3,
year= 1997
}

@inproceedings{minos-tutorial,
title="Approximate Query Processing: Taming the Terabytes",
author="Minos Garofalakis and Phillip Gibbons",
booktitle="Proc. of the 27th International Conference on
                   Very Large Data Bases (VLDB)",
year = 2001,
month = sep,
address = "Rome",
note = "Tutorial"
}

@inproceedings{considine03,
    author = "Jeffrey Considine and Feifei Li and George Kollios and
                  John Byers",
    title = "Approximate aggregation techniques for sensor databases",
    booktitle = "Proc. International Conference on Data
                  Engineering (ICDE)",
    month = Mar,
    year = 2004
}

@inproceedings{gibbons04,
title = "Synopsis Diffusion for Robust Aggregation in Sensor
                  Networks",
year = 2004,
author = "Suman Nath and Phillip B. Gibbons and Zachary Anderson and
                  Srinivasan Se",
booktitle="Proc. ACM Sensys",
month = nov, 
address = "Baltimore"
}

@inproceedings{hellersteinwang04,
title = "Optimization of In-Network Data Reduction",
author = "Joseph M. Hellerstein and Wei Wang",
booktitle="International Workshop on Data Management for Sensor
                  Networks (DMSN)",
month = sep,
year=2004,
address="Toronto"
}

@inproceedings{kempe03,
author = "D. Kempe and A. Dobra and J. Gehrke",
title="Gossip-based computation of aggregate information",
booktitle = "Proc. Conference on Foundations of Computer Science
                  (FOCS)",
year=2003
}

@inproceedings{distregression,
author = "Carlos Guestrin and Romain Thibaux and Peter Bodik and Mark
                  A. Paskin and Samuel Madden",
title="Distributed Regression: An Efficient Framework for Modeling
                  Sensor Network Data",
booktitle= "Proc. 3rd International Symposium on
                  Information Processing in Sensor Networks (IPSN)",
year = 2004
}

@techreport{paskinguestrin,
author = "Mark A. Paskin and Carlos E. Guestrin",
year = 2003,
title = "A Robust Architecture for Distributed Inference in Sensor Networks",
note = "Submitted for publication",
institution = "Intel Research",
number = "IRB-TR-03-039"
}

@inproceedings{bbq04,
title = "Model-Driven Data Acquisition in Sensor Networks",
author="Amol Deshpande and Carlos Guestrin and Samuel Madden and
                  Joseph M. Hellerstein and Wei Hong",
booktitle="Proc. of the 30th International Conference on
                   Very Large Data Bases (VLDB)",
year = 2004,
address = "Toronto",
month = sep
}

@inproceedings{planetseer,
title="PlanetSeer: Internet Path Failure Monitoring and
                  Characterization in Wide-Area Services",
author="M. Zhang and C. Zhang and V. Pai and L. Peterson and R. Wang",
booktitle="Proc. OSDI 2004",
year = 2004,
month = dec,
address = "San Francisco"
}

@inproceedings{wallach02,
  author =	 {Dan Wallach},
  title =	 {{A Survey of Peer-to-Peer Security Issues}},
  booktitle =	 {International Symposium on Software Security},
  year =	 {2002},
}



@inproceedings{Clark2003,
  author =	 {David D. Clark and Craig Partridge and J. Christopher
                  Ramming and John T. Wroclawski},
  title =	 {{A Knowledge Plane for the Internet}},
  booktitle = "Proc. of ACM SIGCOMM, Karlsruhe, Germany",
  year =	 {2003},
  pages =	 {3--10},
  address =	 {Karlsruhe, Germany}
}

@techreport{karthik-routeservice,
title = "Routing as a Service",
author="Karthik Lakshminarayanan and Ion Stoica and Scott Shenker",
institution="University of California, Berkeley",
number="UCB/CSD-04-1327",
month=jan,
year=2004
}

@inproceedings{yegneswaran-sigmetrics03,
author = "Yegneswaran, Vinod and Barford, Paul and Ullrich, Johannes",
title = "Internet Intrusions: Global Characteristics and Prevalence",
booktitle = "Proc. ACM SIGMETRICS",
month = Jun,
year=2003
}

@inproceedings{codeen,
title="The Dark Side of the Web: An Open Proxy's View",
author="Vivek S. Pai and Limin Wang and KyoungSoo Park and Ruoming
                  Pang and Larry Peterson",
booktitle="Proc. HotNets-II",
month=nov,
year=2003
}

@inproceedings{coral,
title="Democratizing Content Publication with {C}oral",
author="Michael J. Freedman and Eric Freudenthal and David Mazi\`eres",
booktitle="Proc. 1st USENIX/ACM Symposium on Networked Systems Design and Implementation
 (NSDI '04)",
address="San Francisco",
month = mar,
year=2004
}

 (Mar. 2001). http://citeseer.ist.psu.edu/article/gritter01architecture.html   More

@inproceedings{gritterarchitecture,
    author = "Mark Gritter and David R. Cheriton",
    title = "An Architecture for Content Routing Support in the {I}nternet",
    booktitle = "Proc. USITS 2001",
    year="2001",
    month="March",
    pages = "37--48",
    url = "citeseer.ist.psu.edu/article/gritter01architecture.html" }

@inproceedings{nira,
 author = {Xiaowei Yang},
 title = {NIRA: a new {I}nternet routing architecture},
 booktitle = {Proc. of the ACM SIGCOMM workshop on Future directions in network architecture},
 year = {2003},
 isbn = {1-58113-748-0},
 pages = {301--312},
 location = {Karlsruhe, Germany},
 doi = {http://doi.acm.org/10.1145/944759.944768},
 publisher = {ACM Press},
 }

@Misc{hellerstein_oracle,
  author =	 {Joseph M. Hellerstein and Vern Paxson and Larry Peterson and Timothy Roscoe and Scott Shenker and David Wetherall},
  title =	 {The {N}etwork {O}racle},
  howpublished = {Submitted to HotNets-III 2004},
  month =	 {August},
  year =	 2004
}

@Misc{como,
  author =	 {Gianluca Iannacone and Christophe Diot},
  title =	 {The {CoMo} {P}roject},
  howpublished = {LRP White Paper},
  month =	 {October},
  year =	 2004
}


@InProceedings{rhea_usenix_2004,
  author =       {Sean Rhea and Dennis Geels and Timothy Roscoe and John Kubiatowicz},
  title =        {Handling {C}hurn in a {DHT}},
  booktitle =    {Proc. of the 2004 USENIX Technical Conference,
                  Boston, MA, USA},
  year =         2004,
  month =        {June}
}

@InProceedings{White2002,
  Author =	 {Brian White and Jay Lepreau and Leigh Stoller and
                  Robert Ricci and Shashi Guruprasad and Mac Newbold and
                  Mike Hibler and Chad Barb and Abhijeet Joglekar},
  Title =	 {{An Integrated Experimental Environment for
                  Distributed Systems and Networks}},
  booktitle =	 OSDI02,
  address =	 {Boston, MA, USA},
  month =	 dec,
  year =	 2002,
  pages =	 {255--270}
}


@InProceedings{Bawa2004,
  author = 	 {Mayank Bawa and Aristides Gionis and Hector Garcia-Molina and Rajeev Motwani},
  title = 	 {{The Price of Validity in Dynamic Networks}},
  booktitle =	 {Proc. of the ACM SIGMOD International Conference on
                  Management of Data},
  year =	 2004,
  address =	 {Paris, France},
  month =	 jun
}

@Article{Gibbons2003,
  author =	 {Phillip B. Gibbons and Brad Karp and Yan Ke and
                  Suman Nath and Srinivasan Seshan},
  title =	 {{IrisNet: An Architecture for a World-Wide Sensor
                  Web}},
  journal =	 {IEEE Pervasive Computing},
  year =	 2003,
  volume =	 2,
  number =	 4,
  month =	 {October-December}
}
@InProceedings{madden_cacq,
  author = 	 {Samuel R. Madden and Mehul A. Shah and Joseph M. Hellerstein}, 
  title = 	 {Continuously Adaptive Continuous Queries over Streams},
  booktitle =	 {Proc. of the ACM SIGMOD International Conference on
                  Management of Data},
  year =	 2002
}

@inproceedings{Yalagandula2004,
  author =	 {Praveen Yalagandula and Mike Dahlin},
  title =	 {{A Scalable Distributed Information Management
                  System}},
  booktitle =	 SIGCOMM04,
  year =	 {2004},
  month =	 sep,
  address =	 {Portland, OR, USA}
}

@inproceedings{Ergun1998,
  author =	 {Funda Erg{\"u}n and Sampath Kannan and S. Ravi Kumar
                  and Ronitt Rubinfeld and Mahesh Viswanathan},
  title =	 {{Spot-checkers}},
  booktitle =	 {Proc. of the Thirtieth Annual ACM Symposium on
                  Theory of Computing},
  year =	 {1998},
  pages =	 {259--268},
  address =	 {Dallas, TX, USA},
  publisher =	 {ACM Press},
}

@misc{worlds04_infoplanes, 
  author    = "Joseph Hellerstein and Petros Maniatis and Timothy Roscoe", 
  title     = "{Design Considerations for Information Planes}", 
  howpublished = {Submitted to WORLDS 2004},
  year      = 2004, 
} 


@inproceedings{avnur00eddies,
    author = "Ron Avnur and Joseph M. Hellerstein",
    title = "Eddies: continuously adaptive query processing",
    booktitle = "SIGMOD",
    year = "2000",
    url = "citeseer.nj.nec.com/article/avnur00eddies.html" 
}

@InProceedings{rodriguez04macedon,
  author = 	 {A. Rodriguez and C. Killian and S. Bhat and D. Kostic and A. Vahdat}, 
  title = 	 {{MACEDON}: {M}ethodology for {A}utomatically {C}reating, {E}valuating, and {D}esigning {O}verlay {N}etworks",},
  booktitle =	 {Proc. NSDI},
  year =	 2004,
  month =	 {March},
  url = "citeseer.ist.psu.edu/rodriguez04macedon.html" }
}

@article{anderson88rtag,
 author = {D. P. Anderson},
 title = {Automated Protocol Implementation with {RTAG}},
 journal = {IEEE Trans. Softw. Eng.},
 volume = {14},
 number = {3},
 year = {1988},
 issn = {0098-5589},
 pages = {291--300},
 doi = {http://dx.doi.org/10.1109/32.4650},
 publisher = {IEEE Press},
 }

@inproceedings{graefe-sigmod90,
  author    = {Goetz Graefe},
  title     = {Encapsulation of Parallelism in the {V}olcano Query Processing
               System},
  booktitle = {Proc. of the 1990 ACM SIGMOD International Conference on
               Management of Data, Atlantic City, NJ, May 23-25, 1990},
  publisher = {ACM Press},
  year      = {1990},
  pages     = {102-111},
}

@article{graefe-tose,
  author    = {Goetz Graefe and
               Diane L. Davison},
  title     = {Encapsulation of Parallelism and Architecture-Independence
               in Extensible Database Query Execution.},
  journal   = {IEEE Trans. Software Eng.},
  volume    = {19},
  number    = {8},
  year      = {1993},
  pages     = {749-764},
}

@article{graefe-survey,
  author    = {Goetz Graefe},
  title     = {Query Evaluation Techniques for Large Databases},
  journal   = {ACM Comput. Surv.},
  volume    = {25},
  number    = {2},
  year      = {1993},
  pages     = {73-170},
}

@article{click-tocs,
  author    = {Eddie Kohler and
               Robert Morris and
               Benjie Chen and
               John Jannotti and
               M. Frans Kaashoek},
  title     = {The {C}lick modular router.},
  journal   = {ACM Trans. Comput. Syst.},
  volume    = {18},
  number    = {3},
  year      = {2000},
  pages     = {263-297},
}

@inproceedings{pier-cidr,
  author    = {Ryan Huebsch and
               Brent N. Chun and
               Joseph M. Hellerstein and
               Boon Thau Loo and
               Petros Maniatis and
               Timothy Roscoe and
               Scott Shenker and
               Ion Stoica and
               Aydan R. Yumerefendi},
  title     = {The Architecture of {PIER}: an {I}nternet-Scale Query Processor.},
  booktitle = {CIDR},
  year      = {2005},
  pages     = {28-43},
}

@inproceedings{fjords,
  author    = {Samuel Madden and
               Michael J. Franklin},
  title     = {Fjording the Stream: An Architecture for Queries Over Streaming
               Sensor Data.},
  booktitle = {ICDE},
  year      = {2002},
  pages     = {555-566},
}

@inproceedings{telegraphcq,
  author    = {Sirish Chandrasekaran and
               Owen Cooper and
               Amol Deshpande and
               Michael J. Franklin and
               Joseph M. Hellerstein and
               Wei Hong and
               Sailesh Krishnamurthy and
               Samuel Madden and
               Vijayshankar Raman and
               Frederick Reiss and
               Mehul A. Shah},
  title     = {{TelegraphCQ}: Continuous Dataflow Processing for an Uncertain
               World.},
  booktitle = {CIDR},
  year      = {2003},
}

@inproceedings{phh92,
  author    = {Hamid Pirahesh and
               Joseph M. Hellerstein and
               Waqar Hasan},
  title     = {Extensible/Rule Based Query Rewrite Optimization in {S}tarburst.},
  booktitle = {SIGMOD Conference},
  year      = {1992},
  pages     = {39-48},
}

@inproceedings{selinger79,
  author    = {Patricia G. Selinger and
               Morton M. Astrahan and
               Donald D. Chamberlin and
               Raymond A. Lorie and
               Thomas G. Price},
  title     = {Access Path Selection in a Relational Database Management
               System.},
  booktitle = {SIGMOD Conference},
  year      = {1979},
  pages     = {23-34},
}

@inproceedings{loo-hotnets04,
title={Customizable Routing with Declarative Queries},
author={Boon Thau Loo and Joseph M. Hellerstein and Ion Stoica},
booktitle={Third Workshop on Hot Topics in Networks (HotNets-III)},
month=nov,
year=2004
}

@InProceedings{mazieres-usenix-2001,
  author = 	 {David Mazi\`eres},
  title = 	 {A toolkit for user-level file systems},
  booktitle =	 {Proc. of the 2001 USENIX Technical Conference},
  year =	 2001,
  month =	 {June}
}
@inproceedings{chu00case,
    author = "Yang-Hua Chu and Sanjay G. Rao and Hui Zhang",
    title = "A case for end system multicast",
    booktitle = "Proc. of ACM SIGMETRICS",
    pages = "1-12",
    year = "2000",
    url = "citeseer.ist.psu.edu/chu01case.html" }

@inbook{esterel,
title={The Foundations of Esterel},
notes={G. Plotkin, C. Stirling and M. Tofte, eds.},
author="G{\'e}rard Berry", 
publisher={MIT Press},
booktitle={Proof, Language and Interaction: Essays in Honour of Robin
                  Milner},
pages="425-454",
year=1998}


@inproceedings{dabbous-sigcomm96,
  author    = {Walid Dabbous and
               Sean W. O'Malley and
               Claude Castelluccia},
  title     = {Generating Efficient Protocol Code from an Abstract Specification.},
  booktitle = {Proc. SIGCOMM},
  year      = {1996},
  pages     = {60-72}
}

@article{estelle-success,
author ={M. Fecko and M. Uyar and P. Amer and A. Sethi and T. Dzik and R. Menell and M. McMahon},
title={A Success Story of Formal Description Techniques: Estelle Specification and Test Generation for {MIL-STD 188-220}},
editor={R. Lai}, 
volume=23,
journal="Computer Communications (Special Edition on FDTs in Practice)",
year=2000
}


@book{fdt-book,
editor="K. J. Turner",
title="Using formal description techniques -- An Introduction to {E}stelle, {LOTOS} and {SDL}", 
publisher="Wiley", 
year=1993
}

@article{vuong-estelle-tose88,
title={Semiautomatic Implementation of Protocols Using an {E}stelle-{C} Compiler},
author={S. T. Vuong and A. C. Lau and R. I. Chan},
journal={IEEE Transactions on Software Engineering},
volume=14,  number=3,
month=mar,
year=1988
}

@article{morpheus,
author="Mark B. Abbott and Larry L. Peterson",
title={A Language-Based Approach to Protocol Implementation},
journal={IEEE/ACM Transactions on Networking}, 
volume=1,
number=1,
month=feb,
year=1993
}

@inproceedings{prolac,
author={Eddie Kohler and M. Frans Kaashoek and David R. Montgomery},
title={A Readable {TCP} in the {P}rolac Protocol Language},
booktitle={Proc. SIGCOMM},
year=1999
}

@inproceedings{fox,
author="Edoardo Biagioni",
title={A Structured {TCP} in {S}tandard {ML}},
booktitle={Proc. SIGCOMM},
year=1994
}

@article{sellis-mqo,
author = "Timos Sellis",
title = "{Multiple Query Optimization}",
journal = {ACM Transactions on Database Systems},
volume = 13,
number = 1,
pages = "23-52",
month = mar,
year = 1988
}


@inproceedings{cacq,
  author    = {Samuel Madden and
               Mehul A. Shah and
               Joseph M. Hellerstein and
               Vijayshankar Raman},
  title     = {Continuously adaptive continuous queries over streams.},
  booktitle = {SIGMOD},
  year      = {2002},
  pages     = {49-60}
}



@inproceedings{li04comparing,
  author = "J. Li and J. Stribling and T. Gil and R. Morris and F. Kaashoek",
  title = "Comparing the performance of distributed hash tables under churn",
  booktitle = "Proc. IPTPS",
  year = "2004",
  url = "citeseer.ist.psu.edu/li04comparing.html" 
}

@InProceedings{handley05xorp,
  author = 	 {Mark Handley and Atan Ghosh and Pavlin Radoslavov and Orion Hodson and Eddie Kohler},
  title = 	 {Designing Extensible {IP} Router Software},
  booktitle =	 {Proc. NSDI},
  year =	 2005,
  month =	 {May}
}

@inproceedings{scout,
 author = {David Mosberger and Larry L. Peterson},
 title = {Making paths explicit in the {S}cout operating system},
 booktitle = {Proc. OSDI}, 
 year = {1996},
 isbn = {1-880446-82-0},
 pages = {153--167},
 location = {Seattle, Washington, United States},
 doi = {http://doi.acm.org/10.1145/238721.238771},
 publisher = {ACM Press},
 }

@book{leighton-book,
author="F. Thomson Leighton", 
title={Introduction to Parallel Algorithms and Architectures: Arrays,
                  Trees, Hypercubes}, 
publisher={Morgan Kaufmann}, 
address="San Mateo, CA", 
year=1992
}


@article{aurora,
author="H. Balakrishnan and M. Balazinska and D. Carney and
                  U. Cetintemel and M. Cherniack and C. Convey and
                  E. Galvez and J. Salz and M. Stonebraker and
                  N. Tatbul and R. Tibbetts and S. Zdonik",
title={Retrospective on {A}urora},
journal={VLDB Journal}, 
volume=13,
number=4,
month=dec,
year=2004
}

@inproceedings{stream,
  author    = {Rajeev Motwani and
               Jennifer Widom and
               Arvind Arasu and
               Brian Babcock and
               Shivnath Babu and
               Mayur Datar and
               Gurmeet Singh Manku and
               Chris Olston and
               Justin Rosenstein and
               Rohit Varma},
  title     = {Query Processing, Approximation, and Resource Management
               in a Data Stream Management System.},
  booktitle = {Proc. CIDR},
  year      = {2003}
}

@book{alicebook,
author="S. Abiteboul and R. Hull and V. Vianu",
title ={Foundations of Databases}, 
publisher={Addison Wesley}, 
year=1995
}

@book{DBLP:books/aw/AbiteboulHV95,
  author    = {Serge Abiteboul and
               Richard Hull and
               Victor Vianu},
  title     = {Foundations of Databases},
  publisher = {Addison-Wesley},
  year      = {1995},
  isbn      = {0-201-53771-0}
}

@inproceedings{gamma,
  author    = {David J. DeWitt and
               Robert H. Gerber and
               Goetz Graefe and
               Michael L. Heytens and
               Krishna B. Kumar and
               M. Muralikrishna},
  title     = {GAMMA - A High Performance Dataflow Database Machine.},
  booktitle = {VLDB},
  year      = {1986},
  pages     = {228-237}
}

@article{volcano,
  author    = {Goetz Graefe},
  title     = {Volcano - An Extensible and Parallel Query Evaluation System.},
  journal   = {IEEE Trans. Knowl. Data Eng.},
  volume    = {6},
  number    = {1},
  year      = {1994},
  pages     = {120-135}
}



@inproceedings{shankar-stems,
  author    = {Vijayshankar Raman and
               Amol Deshpande and
               Joseph M. Hellerstein},
  title     = {Using State Modules for Adaptive Query Processing.},
  booktitle = {Proc. ICDE},
  year      = {2003}
}


@inproceedings{wilschut,
  author    = {Annita N. Wilschut and
               Peter M. G. Apers},
  title     = {Dataflow Query Execution in a Parallel Main-Memory Environment.},
  booktitle = {PDIS},
  year      = {1991},
  pages     = {68-77}
}


@inproceedings{monsoon,
title={Monsoon: An Explicit Token Store Architecture},
author="G. M. Papadopoulos and D. E. Culler",
year=1990,
month=may,
booktitle={Proc. ISCA}
}

@article{dataflowarch,
title={Dataflow Machine Architecture},
journal={ACM Computing Surveys},
volume=18,
number=4,
month=dec,
year=1986,
author="Arthur H. Veen"
}

@article{chord,
 author = {Ion Stoica and Robert Morris and David Liben-Nowell and David R. Karger and M. Frans Kaashoek and Frank Dabek and Hari Balakrishnan},
 title = {Chord: a scalable peer-to-peer lookup protocol for internet applications},
 journal = {IEEE/ACM Trans. Netw.},
 volume = {11},
 number = {1},
 year = {2003},
 issn = {1063-6692},
 pages = {17--32},
 doi = {http://dx.doi.org/10.1109/TNET.2002.808407},
 publisher = {IEEE Press},
 }

@InProceedings{dabek_nsdi04,
  author = 	 {Frank Dabek and Jinyang Li and Emil Sit and Frans Kaashoek and Robert Morris and Chuck Blake},
  title = 	 {Designing a {DHT} for Low Latency and High Throughput},
  booktitle =	 {Proc. NSDI},
  year =	 2004,
  month =	 {Month}
}

@article{i3,
title="Internet Indirection Infrastructure",
author="Ion Stoica and Daniel Adkins and Shelley Zhaung and Scott Shenker and Sonesh Surana", 
journal={IEEE/ACM Transactions on Networking}, 
vol=12, 
Number=2, 
month=Apr,
year=2004
}


@ARTICLE{dvmrp,
   author = {S. Deering and D. R. Cheriton},
   title = {Multicast Routing in Datagram Internetworks and Extended {LAN}s},
   journal = {ACM Transactions on Computer Systems},
   volume = "8",
   number = "2",
   month = may,
   year = 1990,
   pages = {85-111},
}
@InProceedings{symphony,
  author = 	 {Gurmeet Manku and Mayank Bawa and Prabhakar Raghavan},
  title = 	 {Symphony: Distributed hashing in a small world},
  booktitle =	 {Proc. USITS},
  year =	 2003
}

@PhdThesis{Maniatis2003thesis,
  author =   {Petros Maniatis},
  title =    {{Historic Integrity in Distributed Systems}},
  school =   {Computer Science Department, Stanford University},
  year =     {2003},
  OPTtype =      {},
  address =  {Stanford, {CA}, {USA}},
  month =    aug,
}

