@misc{bittorrent-dht,
  title="BitTorrent Goes Trackerless: Publishing with BitTorrent gets
easier!",
  note="\url{http://www.bittorrent.com/trackerless.html}"
}
@misc{edonkey,
  title="{eDonkey2000 -- Overnet}",
  note="\url{http://www.edonkey2000.com/}"
}
@article{morpheus,
author="Mark B. Abbott and Larry L. Peterson",
title={A Language-Based Approach to Protocol Implementation},
journal={IEEE/ACM Transactions on Networking},
volume=1,
number=1,
month=feb,
year=1993
}
@inproceedings{babu-cidr05,
author="S. Babu and P. Bizarro",
title="Adaptive Query Processing in the Looking Glass",
booktitle="Proc. Conference on Innovative Data Systems Research
                  (CIDR)",
year=2005
}
@article{aurora,
author="H. Balakrishnan and M. Balazinska and D. Carney and
                  U. Cetintemel and M. Cherniack and C. Convey and
                  E. Galvez and J. Salz and M. Stonebraker and
                  N. Tatbul and R. Tibbetts and S. Zdonik",
title={Retrospective on {A}urora},
journal={VLDB Journal},
volume=13,
number=4,
month=dec,
year=2004
}

@article{rba,
 author = {Robert Braden and Ted Faber and Mark Handley},
 title = {From protocol stack to protocol heap: role-based architecture},
 journal = {SIGCOMM Comput. Commun. Rev.},
 volume = {33},
 number = {1},
 year = {2003},
 issn = {0146-4833},
 pages = {17--22},
 doi = {http://doi.acm.org/10.1145/774763.774765},
 publisher = {ACM Press},
 address = {New York, NY, USA}
 }

@Article{BrewerInktomi,
  author =       {Eric A. Brewer},
  title =        {{Combining Systems and Databases: A Search Engine Retrospective}},
  journal =      {Readings in Database Systems, J.\ M.\ Hellerstein and
  M.\ Stonebraker eds.},
  year =         {2005},
  OPTkey =       {},
  OPTvolume =    {},
  OPTnumber =    {},
  pages =        {711--724},
  OPTmonth =     {},
  OPTnote =      {},
  OPTannote =    {}
}
@inproceedings{telegraphcq,
  author    = {Sirish Chandrasekaran and
               Owen Cooper and
               Amol Deshpande and
               Michael J. Franklin and
               Joseph M. Hellerstein and
               Wei Hong and
               Sailesh Krishnamurthy and
               Samuel Madden and
               Vijayshankar Raman and
               Frederick Reiss and
               Mehul A. Shah},
  title     = {{TelegraphCQ}: Continuous Dataflow Processing for an Uncertain
               World.},
  booktitle = {CIDR},
  year      = {2003},
}
@InProceedings{dabek_nsdi04,
  author =       {Frank Dabek and Jinyang Li and Emil Sit and Frans Kaashoek and Robert Morris and Chuck Blake},
  title =        {Designing a {DHT} for Low Latency and High Throughput},
  booktitle =    {Proc. NSDI},
  year =         2004
}
@Misc{dccp-problem,
  author =       {Sally Floyd and Mark Handley and Eddie Kohler},
  title =        {Problem {S}tatement for {DCCP}},
  howpublished = {\url{http://www.icir.org/kohler/dccp/draft-ietf-dccp-problem-01.txt}},
  month =        {June},
  year =         2005
}
@inproceedings{ floyd00equationbased,
    author = {Sally Floyd and Mark Handley and Jitendra Padhye and Jorg Widmer},
    title = {Equation-based congestion control for unicast applications},
    booktitle = {Proc. SIGCOMM },
    pages = {43-56},
    year = {2000},
    month = {August},
    address = {Stockholm, Sweden}
}

@InProceedings{handley05xorp,
  author =       {Mark Handley and Atan Ghosh and Pavlin Radoslavov and Orion Hodson and Eddie Kohler},
  title =        {Designing Extensible {IP} Router Software},
  booktitle =    {Proc. NSDI},
  year =         2005,
  month =        {May}
}
@inproceedings{pier-cidr,
  author    = {Ryan Huebsch and
               Brent N. Chun and
               Joseph M. Hellerstein and
               Boon Thau Loo and
               Petros Maniatis and
               Timothy Roscoe and
               Scott Shenker and
               Ion Stoica and
               Aydan R. Yumerefendi},
  title     = {The Architecture of {PIER}: an {I}nternet-Scale Query Processor.},
  booktitle = {CIDR},
  year      = {2005},
  pages     = {28-43},
}
@article{x-kernel,
 author = {Norman C. Hutchinson and Larry L. Peterson},
 title = {The X-Kernel: An Architecture for Implementing Network Protocols},
 journal = {IEEE Trans. Softw. Eng.},
 volume = {17},
 number = {1},
 year = {1991},
 issn = {0098-5589},
 pages = {64--76},
 doi = {http://dx.doi.org/10.1109/32.67579},
 publisher = {IEEE Press},
 address = {Piscataway, NJ, USA}
 }
@Misc{dccp,
  author =       {Eddie Kohler and Mark Handley and Sally Floyd},
  title =        {Datagram Congestion Control Protocol (DCCP)},
  howpublished = {\url{http://www.icir.org/kohler/dcp/draft-ietf-dccp-spec-11.txt}},
  month =        {Mar},
  year =         2005,
  note = "Work in progress"
}
@inproceedings{prolac,
author={Eddie Kohler and M. Frans Kaashoek and David R. Montgomery},
title={A Readable {TCP} in the {P}rolac Protocol Language},
booktitle={Proc. SIGCOMM},
year={1999}
}
@article{click-tocs,
  author    = {Eddie Kohler and
               Robert Morris and
               Benjie Chen and
               John Jannotti and
               M. Frans Kaashoek},
  title     = {The {C}lick modular router.},
  journal   = {ACM Trans. Comput. Syst.},
  volume    = {18},
  number    = {3},
  year      = {2000},
  pages     = {263-297}
}
@Misc{dccp-api,
  author =       {Junwen Lai and Eddie Kohler},
  title =        {A {Congestion-Controlled Unreliable Datagram API}},
  howpublished = {\url{http://www.icir.org/kohler/dccp/nsdiabstract.pdf}},
  month =        {March},
  year =         2005
}
@InProceedings{p2:sosp,  author =       {Boon Thau Loo and Tyson Condie and Joseph M. Hellerstein and Petros Maniatis and Timothy Roscoe and Ion Stoica},
  title =        {Implementing Declarative Overlays},
  booktitle =    {Proc. ACM SOSP},
  year =         2005,
  month =        {October}
}
@InProceedings{kademlia,
    author =       {Petar Maymounkov and David Mazieres},
    title =        {Kademlia: A Peer-to-peer Information System Based on
        the {XOR} Metric},
    booktitle =    {Proc. IPTPS},
    year =         {2002}
}
@article{unveiling,
 author = {Jeffrey Mogul and Lawrence Brakmo and David E. Lowell and Dinesh Subhraveti and Justin Moore},
 title = {Unveiling the transport},
 journal = {SIGCOMM Comput. Commun. Rev.},
 volume = {34},
 number = {1},
 year = {2004},
 issn = {0146-4833},
 pages = {99--106},
 doi = {http://doi.acm.org/10.1145/972374.972392},
 publisher = {ACM Press},
 address = {New York, NY, USA}
 }
@incollection{gibbons-sensys04,
author = "Suman Nath and Phillip B. Gibbons and Srinivasan Seshan and
                  Zachary Anderson",
title = "Synopsis Diffusion for Robust Aggregation in Sensor Network Streams",
booktitle = "{ACM SenSys}",
year = 2004
}
@InProceedings{rhea_usenix_2004,
  author =       {Sean Rhea and Dennis Geels and Timothy Roscoe and John Kubiatowicz},
  title =        {Handling {C}hurn in a {DHT}},
  booktitle =    {Proc. of the 2004 USENIX Technical Conference},
  address=       {Boston, MA, USA},
  year =         2004
}
@article{chord,
 author = {Ion Stoica and Robert Morris and David Liben-Nowell and David R. Karger and M. Frans Kaashoek and Frank Dabek and Hari Balakrishnan},
 title = {Chord: a scalable peer-to-peer lookup protocol for internet applications},
 journal = {IEEE/ACM Trans. Netw.},
 volume = {11},
 number = {1},
 year = {2003},
 issn = {1063-6692},
 pages = {17--32},
 doi = {http://dx.doi.org/10.1109/TNET.2002.808407},
 publisher = {IEEE Press},
 }

@inproceedings{Yalagandula2004,
  author =       {Praveen Yalagandula and Mike Dahlin},
  title =        {{A Scalable Distributed Information Management
                  System}},
  booktitle =    {Proc. SIGCOMM},
  year =         {2004},
  address =      {Portland, OR, USA}
}
