@inproceedings{gfs-sosp,
  author =       {Sanjay Ghemawat and Howard Gobioff and Shun-Tak
                  Leung},
  title =        {The {Google} file system},
  booktitle =    {Proceedings of the 19th ACM Symposium on Operating
                  System Principles},
  pages =        {29--43},
  year =         2003
}

@inproceedings{mapreduce-osdi,
  author =       {Jeffrey Dean and Sanjay Ghemawat},
  title =        {{MapReduce}: Simplified Data Processing on Large
                  Clusters},
  booktitle =    {Proceedings of the Sixth Symposium on Operating
                  System Design and Implementation},
  pages =        {137--150},
  year =         2004
}


\citation{vmsurvey}
\citation{GFS}
\citation{S3}
\citation{SSDS}
\citation{mapreduce}
\citation{hadoop}
\citation{mapreduce}
\citation{gfs}
\citation{chubby}
\citation{dynamo}
\citation{p2}
\citation{paxonp2}
\citation{evitaraced}
\citation{JikesRVMJalapeno}
\citation{joeq}
\citation{xen}
\@writefile{toc}{\contentsline {section}{\numberline {1}Introduction}{\thepage }}
\@writefile{toc}{\contentsline {subsection}{\numberline {1.1}Data-Centric Programming and Stratus}{\thepage }}
\citation{hadoop}
\citation{p2}
\citation{hilda}
\citation{dyna}
\citation{meld}
\citation{cornellgames}
\citation{wiscfsck}
\citation{bddbddb}
\citation{cornellgames}
\citation{Codd70}
\citation{volcano}
\citation{cornellgames}
\citation{greenplum}
\citation{aster}
\citation{hive}
\citation{DryadLINQ}
\citation{disco}
\citation{erlangpaxos}
\citation{disco}
\citation{TLA}
\citation{evitaraced}
\citation{lbtrust}
\@writefile{toc}{\contentsline {subsection}{\numberline {1.2}Contributions}{\thepage }}
\@writefile{toc}{\contentsline {subsection}{\numberline {1.3}Related Work}{\thepage }}
\newlabel{sec:relwork}{{1.3}{\thepage }}
\citation{evitaraced}
\citation{ullmanbook}
\citation{postgres}
\citation{ross-matviews}
